6092 6950
863 813 1988 980 ‘'Manauauteus
2314 909 2352 1012 q

755 1083 913 1175 Gemma
949 1090 1101 1176 Florum
1133 1091 1246 1202 spicae
1275 1089 1363 1171 sunt
1387 1089 1621 1190 albescentes
1655 1121 1794 1206 parum
1815 1093 1925 1179 ‚flava
1959 1121 2002 1178 ac
2032 1091 2123 1174 dein
2158 1096 2352 1204 magis&

697 1205 821 1312 magis
860 1201 1116 1297 flavescentes,
1161 1204 1303 1312 glabrae
1336 1207 1376 1286 δε
1410 1205 1598 1300 nitentes,
1628 1207 1711 1286 aliae
1749 1207 1957 1316 planiores,
1987 1206 2069 1288 aliae
2108 1209 2351 1291 rotundiores

694 1315 822 1425 parvis
842 1317 886 1394 bc.
912 1314 1294 1396 flavo-albicantibus
1314 1315 1511 1423 calycibus
1533 1315 1729 1397 trifoliatis
1749 1323 1849 1398 ardte
1865 1337 2036 1429 exceptae
2057 1320 2211 1398 cumin
2232 1321 2350 1428 capsis

696 1425 785 1507 sunt
804 1424 921 1506 dense
940 1425 989 1508 ad
1014 1426 1243 1507 seinvicem
1271 1427 1441 1523 confitae,
1472 1429 1542 1508 ubi
1573 1447 1704 1511 autern
1737 1448 1845 1509 extra
1877 1431 2030 1540 capsam
2062 1459 2156 1509 cum
2187 1429 2349 1510 surculis

694 1566 854 1648 erupere
873 1539 921 1618 iis
940 1538 1245 1620 accrescentibus
1266 1539 1425 1618 rariores
1445 1566 1490 1618 ac
1510 1540 1766 1622 transversum
1798 1541 1874 1620 srtae
1905 1541 1964 1620 vel
1995 1569 2135 1650 parum
2161 1543 2352 1621 anteriora

694 1649 821 1732 versus
842 1678 937 1731 cum
950 1649 1109 1760 cuspide
1128 1649 1292 1744 reflexae,
1322 1650 1579 1760 aperiuntque
1598 1651 1634 1730 se
1654 1653 1695 1730 in
1712 1653 1785 1732 tria
1802 1649 1910 1745 folia,
1927 1671 2013 1761 quae
2035 1652 2082 1732 ad
2103 1681 2222 1736 unam
2242 1681 2350 1734 oram

693 1761 921 1849 rotundiora
951 1761 1055 1857 sunt,
1086 1763 1194 1845 &in
1226 1761 1368 1841 vertice
1397 1761 1608 1954 cupidam,
1639 1763 1805 1856 duriola,
1836 1763 1961 1874 rigida
1990 1766 2030 1845 ὃς
2059 1764 2244 1857 crasliola,
2276 1763 2347 1844 ha-

692 1873 868 1982 bentque
901 1873 943 1954 in
981 1873 1114 1954 medio
1153 1873 1217 1954 sex
1256 1873 1419 1954 stamina
1480 1903 1562 1969 ava,
1592 1902 1680 1984 quae
1718 1875 1915 1984 oblongis,
1947 1875 2130 1956 crassiolis
2170 1877 2349 1986 primum
2479 1921 2482 1934 ·

692 1983 882 2079 surredtis,
914 1984 1004 2066 dein
1035 1985 1363 2067 decumbentibus
1402 1985 1578 2093 apicibus
1609 1987 1739 2066 dotata
1772 1985 1873 2080 sunt,
1904 2013 1948 2066 ac
1967 2014 2016 2068 ex
2036 1986 2261 2096 unguiculis
2282 1986 2346 2067 so-

693 2095 840 2178 liorum
872 2095 1081 2206 prodeunt,
1112 2125 1156 2178 ac
1189 2124 1284 2177 cum
1316 2097 1364 2176 iis
1397 2095 1542 2204 stylum
1567 2096 1741 2193 brevem,
1771 2098 1990 2180 craslrolum
2022 2099 2062 2178 tc
2096 2095 2345 2192 albicantem,

693 2207 855 2316 superne
897 2205 1091 2304 trifidum,
1121 2208 1289 2318 suntque
1326 2206 1444 2289 odore
1481 2227 1606 2316 grat0,
1636 2209 1744 2290 velut
1780 2208 1877 2303 lilia,
1908 2210 2000 2289 licet
2033 2209 2182 2289 debili:
2222 2212 2348 2292 Floras
2428 2222 2432 2234 '

692 2317 938 2430 postquame
959 2322 1083 2432 σαψ
1106 2339 1333 2430 eruperunt,
1363 2317 1572 2402 confestim
1591 2319 1613 2402 ὲ
1633 2323 1798 2404 Surculis
1815 2321 2017 2402 decidunt.

624 2632 630 2644 .
745 2561 911 2644 Frubsus
929 2560 1000 2669 qui
1018 2589 1113 2643 cum
1131 2561 1303 2644 Floribus
1320 2563 1363 2642 in
1390 2562 1510 2672 captis
1544 2561 1726 2674 oblongis
1757 2561 1871 2642 fimul
1904 2560 2154 2670 proveniunt,
2186 2559 2346 2640 &infra

688 2673 817 2754 Floras
836 2673 1318 2768 Surculirars'teinfident,
1339 2674 1502 2756 eumad
1528 2677 1790 2756 maturitatem
1812 2690 2084 2784 pervenerunt,
2106 2671 2346 2780 pregrandes
2461 2677 2464 2682 ’

689 2780 793 2877 sunt,
823 2782 992 2891 suntque
1010 2783 1118 2864 velut
1150 2781 1270 2866 nuces
1303 2785 1520 2866 constantes
1548 2788 1795 2896 operimento
1828 2783 1995 2894 lignoso,
2027 2783 2097 2890 qui
2117 2783 2278 2861 interius
2298 2783 2346 2862 ad

689 2892 935 3002 superficiem
953 2896 1180 2976 interiorem
1198 2898 1434 3006 operimenti
1453 2897 1520 2977 seu
1539 2898 1641 2980 testae
1660 2897 1834 2978 medulla
1852 2897 1938 2975 alba
1971 2894 2132 2974 obducti
2165 2892 2267 2987 sunt,
2300 2921 2345 2972 ac

687 3005 796 3086 intus
815 3005 921 3115 larga
939 3009 1101 3088 cavitate
1120 3035 1208 3115 quae
1226 3036 1326 3116 aqua
1345 3009 1410 3088 seu
1428 3008 1582 3117 liquore
1607 3009 1754 3120 repleta
1785 3008 1866 3088 est:
1897 3005 1942 3086 hi
1975 3006 2073 3086 dum
2102 3005 2224 3085 teneri
2256 3003 2345 3084 sunt
2417 3101 2429 3128 ·

688 3118 730 3196 δε
749 3143 798 3196 ex
817 3117 928 3227 capsa
958 3147 1053 3200 cum
1078 3117 1194 3230 spicis
1222 3138 1452 3230 erumpunt,
1482 3119 1612 3202 forma
1644 3121 1804 3204 rotundi
1841 3120 1930 3200 sunt
1955 3119 2096 3214 colore¹
2120 3115 2343 3200 flavo-albi-

688 3247 820 3308 cantes
846 3231 886 3310 &
905 3231 1036 3340 calyce
1055 3230 1386 3327 flavo-albicante,
1418 3234 1488 3340 qui
1521 3261 1571 3314 ex
1590 3234 1767 3315 rotundis
1787 3231 1894 3313 foliis
1914 3230 2056 3312 mutub
2076 3227 2343 3308 circumvolu-

687 3339 739 3419 tis
758 3340 921 3436 constat,
951 3341 1052 3424 aree
1086 3345 1127 3424 δι
1155 3345 1198 3432 in
1231 3362 1363 3424 totum
1396 3345 1572 3439 obducti,
1602 3345 1710 3426 intus
1744 3344 1814 3426 sub
1847 3341 2059 3423 corticibus
2091 3339 2235 3445 quibus
2262 3339 2341 3418 cir-

648 3516 653 3524 ,
687 3468 969 3561 cumteguntur
988 3482 1103 3534 carne
1120 3453 1235 3535 densa
1253 3453 1461 3549 albicante,
1492 3456 1602 3537 nulla
1630 3458 1792 3546 cavitate
1811 3452 1949 3545 dotati,
1979 3447 2231 3561 postmodum
2251 3449 2342 3533 verb

688 3569 782 3641 cum
800 3580 911 3643 aetate
930 3563 1184 3643 increscentes
1200 3563 1329 3643 forma
1346 3564 1704 3673 oblongo-angusta
1723 3563 1868 3645 suntin
1886 3561 2150 3671 longitudime
2169 3563 2342 3643 maxime

687 3673 803 3767 aucti,
833 3675 968 3755 minus
994 3673 1085 3755 verb
1112 3674 1154 3753 in
1184 3673 1325 3769 latum,
1355 3676 1400 3755 in
1430 3677 1577 3764 cortice
1608 3672 1777 3755 exterius
1797 3702 1891 3757 cum
1911 3676 2038 3755 nitore
2057 3671 2340 3769 viridescentcs,

685 3783 830 3892 calycis
849 3782 956 3867 foliis
975 3813 1025 3866 ex
1045 3786 1299 3895 quibuscum
1318 3785 1482 3895 superna
1500 3805 1611 3897 parte
1628 3788 1800 3867 emicant
1829 3816 1878 3867 ex
1909 3785 1998 3867 rufo
2032 3785 2338 3878 rubescentibus,

683 3896 896 4004 proditque
929 3897 966 3978 se
997 3898 1039 3976 in
1065 3898 1112 3977 iis
1143 3899 1320 4005 primum
1350 3917 1444 3980 nota
1479 3920 1619 4008 parva,
1640 3897 2011 4009 oblongo-angusta,
2042 3897 2217 3977 cavitatis
2243 3924 2338 3976 cum

684 4006 826 4113 majori
844 4008 1089 4089 incremento
1109 4008 1401 4091 introducendae
1429 4011 1471 4090 in
1491 4011 1572 4091 ima
1590 4011 1781 4121 parteseu
1801 4012 1849 4090 ad
1868 4028 2050 4089 exortum
2070 4006 2233 4101 frudus,
2264 4036 2335 4087 an-

684 4134 846 4225 tequam
883 4123 1015 4200 autem
1045 4119 1188 4200 cavitas
1222 4120 1260 4200 se
1293 4120 1420 4216 offert,
1451 4120 1600 4202 frustus
1638 4119 1683 4201 hi
1713 4124 1835 4201 teneri
1871 4118 2137 4200 Malabaribus
2171 4120 2333 4213 Bellum,

684 4227 879 4309 Lusitanis
900 4232 1114 4342 Coquinbos,
1144 4232 1307 4311 cavitate
1343 4250 1475 4313 autem
1499 4234 1585 4341 jam
1622 4233 1843 4313 introdusta
1867 4235 1904 4315 F
1905 4234 2031 4313 ructus
2056 4231 2231 4339 primum
2258 4231 2336 4311 sola

684 4366 785 4447 aqua
803 4341 942 4451 repleti
960 4342 1050 4423 sunt
1068 4370 1113 4423 ac
1143 4360 1231 4423 tum
1257 4343 1352 4423 diui
1369 4344 1639 4436 Malabaribus
1672 4342 1822 4439 carica,
1854 4343 2046 4427 Lusitanis
2068 4342 2206 4422 Carice}
2218 4380 2230 4435 3
2262 4342 2332 4421 ab·

663 4450 811 4549 ‚soluto
848 4453 939 4533 verb
972 4454 1146 4535 cavitatis
1183 4456 1427 4536 incremento
1460 4456 1666 4566 postquam
1699 4459 1812 4537 omni
1837 4454 1902 4535 sua
1941 4452 2077 4563 repleti
2113 4454 2212 4561 aqua
2245 4453 2334 4535 sunt

682 4562 856 4643 medulla
873 4563 921 4644 ad
941 4566 1167 4671 interiorem
1184 4567 1420 4677 operimenti
1438 4567 1683 4678 superficiem
1702 4569 1966 4649 obducuntur.

740 4787 861 4891 Qod
879 4786 928 4866 ad
947 4788 1153 4867 cavitatem
1173 4788 1405 4883 notandum,
1435 4817 1522 4869 eam
1554 4790 1595 4869 in
1622 4792 1762 4872 teneris
1794 4790 1984 4869 frustibus
2005 4788 2114 4867 valde
2134 4788 2330 4895 oblongo-

681 4898 882 5005 angustam
901 4900 974 4980 effe
999 4926 1043 4979 ac
1063 4928 1157 4981 cum
1176 4900 1367 4984 srudibus
1386 4896 1562 5011 primbm
1577 4903 1618 4980 in
1637 4902 1928 5011 longitudinem
1955 4902 2078 5009 magis
2099 4898 2306 4981 increscere
2317 4939 2327 4991 ς

681 5007 813 5089 minus
846 5010 938 5089 verb
969 5012 1010 5089 in
1040 5010 1180 5105 latum,
1210 5011 1361 5121 esseque
1379 5013 1715 5122 circumscriptam
1735 5012 1863 5093 sonna
1886 5012 2003 5105 ovali,
2034 5013 2144 5119 cujus
2164 5011 2328 5119 angulus

681 5120 832 5199 acutior
849 5120 978 5200 versus
1010 5121 1277 5203 summitatem
1301 5122 1450 5204 sruttus
1471 5126 1562 5205 fitus
1583 5126 1650 5219 est,
1681 5127 1723 5221 in
1749 5124 1940 5205 frustibus
1959 5142 2090 5203 autern
2109 5123 2327 5201 vetustiori-

682 5230 754 5311 bus
783 5232 832 5310 ad
870 5230 1041 5311 formam
1072 5232 1291 5342 ellipticam
1324 5235 1388 5316 seu
1428 5236 1637 5317 rotundam
1667 5238 1871 5317 accedere:
1903 5234 1957 5315 est
1988 5253 2117 5313 autem
2157 5231 2330 5311 medulla

679 5344 857 5437 Fructus,
888 5372 976 5452 quae
994 5343 1043 5423 ad
1062 5363 1213 5425 certum
1232 5348 1421 5455 temporis
1450 5348 1702 5429 intervallum
1724 5350 1893 5457 augescit
1922 5346 2093 5456 expetita
2112 5345 2152 5425 in
2172 5344 2327 5435 eduliis,

677 5453 855 5562 primum
874 5457 1063 5536 tenera&
1083 5458 1254 5538 albicans
1283 5486 1328 5545 ac
1355 5458 1607 5553 subcoerulea,
1638 5460 1768 5571 sapore
1797 5460 1905 5540 dulci
1938 5486 1981 5538 ac
2007 5475 2132 5567 grato,
2163 5454 2329 5535 minime

677 5564 769 5646 verb
800 5565 944 5662 oleoso,
975 5568 1066 5649 dein
1086 5569 1257 5650 albicans
1277 5596 1321 5648 ac
1340 5573 1464 5679 magis
1493 5571 1692 5680 magisque
1725 5570 1986 5664 indurescens,
2017 5566 2111 5649 cirm
2143 5568 2238 5647 dura
2270 5568 2327 5645 sa-

680 5702 774 5783 pore
792 5679 920 5774 nucis,
951 5707 996 5759 ac
1029 5708 1109 5788 quo
1142 5680 1327 5762 vetustior
1359 5680 1424 5761 seu
1452 5682 1586 5763 durior
1619 5682 1773 5793 saporis
1788 5682 1912 5792 magis
1931 5680 2061 5773 oleofi,
2092 5680 2260 5757 contrita
2284 5706 2328 5759 ac

548 5860 556 5867 .
678 5785 761 5866 tusa
778 5787 947 5872 lasteum
975 5792 1187 5899 liquorem,
1215 5796 1287 5901 qui
1305 5792 1491 5903 &sapore
1507 5796 1614 5877 lactis
1634 5795 1703 5891 est,
1723 5795 1787 5875 sed
1802 5790 1984 5875 nonnihil
1999 5790 2114 5870 oleosr
2130 5788 2296 5869 fundens
2314 5829 2326 5882 ς

674 5892 769 5979 citm
797 5903 1046 5985 vetustissima
1064 5905 1119 5987 est
1138 5903 1311 5989 maxime
1339 5906 1465 5988 oleosa
1485 5934 1530 5987 ac
1550 5936 1597 5989 ex
1613 5908 1700 5989 oleo
1719 5904 1986 5999 coerulesccns,
2003 5900 2328 6093 odoremlsoptem

1456 6022 1489 6101 B
1519 6046 1543 6103 2
2136 6042 2222 6095 oco
2242 6044 2324 6105 um,
