6092 6950
762 821 828 950 36
1273 819 1898 922 HORTUS

818 1037 919 1114 Sunt
936 1049 1069 1116 autem
1088 1032 1255 1142 Pediculi
1268 1034 1433 1126 Florum,
1455 1036 1599 1144 quibus
1625 1059 1674 1112 ex
1693 1031 1824 1142 calyce
1852 1030 2040 1141 oblongo,
2061 1031 2272 1143 profundo,
2294 1036 2410 1121 viridi
2461 1041 2467 1052 '

666 1187 672 1200 1
759 1174 804 1226 ac
832 1148 902 1254 qui
941 1145 1105 1227 rotunda
1133 1145 1293 1256 superne
1324 1175 1388 1225 ora
1430 1147 1496 1240 est,
1528 1147 1698 1226 emicant
1723 1143 1914 1252 vaginulae
1949 1143 2096 1240 bremt,
2127 1147 2406 1248 semiunciales,

759 1260 900 1362 crocei,
931 1261 1110 1365 aureique
1130 1259 1284 1350 colone,
1315 1259 1356 1336 in
1377 1255 1481 1336 hisce
1513 1259 1594 1338 duo
1621 1256 1783 1336 stamina
1811 1255 1917 1350 flava,
1949 1284 2035 1363 quae
2055 1256 2229 1365 apicibus
2259 1260 2406 1342 surrec-

757 1370 824 1461 tis',
851 1370 976 1450 craffis
1008 1373 1047 1450 bc
1075 1366 1456 1448 flavo-albicantibus
1485 1371 1627 1462 dotata,
1658 1369 1747 1449 sunt
1775 1368 1939 1460 inserta3
1970 1367 2143 1476 pediculi
2171 1369 2313 1450 florum
2331 1374 2406 1452 fic-

757 1481 832 1560 cati
853 1509 1034 1560 croceum
1062 1481 1223 1559 odorem
1242 1482 1449 1590 recipiunt,
1479 1481 1601 1591 iisque
1619 1479 1811 1590 indigenae
1839 1506 1933 1558 curn
1961 1477 2072 1589 ligno
2101 1479 2245 1562 sandali
2270 1483 2404 1564 mixtis

758 1611 876 1700 atque
897 1594 996 1673 tritis
1026 1620 1166 1701 corpus
1182 1593 1396 1703 inungunt.

812 1819 975 1897 Fructus
1007 1817 1097 1896 sunt
1122 1815 1422 1926 rotundo-plani
1447 1847 1491 1898 ac
1531 1817 1747 1927 compreffi,
1779 1814 1908 1896 colore
1932 1813 2060 1911 viridi,
2079 1815 2129 1895 in
2159 1817 2290 1898 medio
2326 1843 2407 1899 uno

754 1925 883 2008 sutura
895 1929 1146 2008 extuberante
1164 1928 1212 2008 ad
1232 1931 1417 2009 verticem
1438 1931 1622 2037 utrinque
1642 1928 1832 2038 perducti.

811 2153 858 2229 In
887 2153 933 2230 iis
960 2153 1038 2232 duo
1071 2153 1237 2232 rotunda
1267 2154 1478 2262 compressa
1501 2153 1657 2246 Semina,
1689 2179 1775 2260 quae
1807 2151 1990 2260 utrinque
2019 2147 2089 2230 sub
2120 2151 2264 2234 cortice
2281 2168 2401 2233 extu·

754 2259 889 2342 beraut
915 2264 1230 2374 intersepimento
1255 2264 1386 2345 medio
1412 2263 1492 2344 ose
1511 2282 1653 2345 mutuo
1678 2263 1867 2343 distincta.

1196 2488 1318 2598 Apud
1329 2487 1427 2598 hosce
1446 2486 1607 2572 Medicos
1633 2516 1702 2570 non
1731 2485 1777 2595 est
1804 2485 1842 2566 in
1870 2488 1947 2596 uste.

1424 2827 1594 2907 Flu:
1656 2851 1723 2906 21.

792 2956 860 3023 Diu
878 2979 988 3043 anceps
1004 2959 1088 3041 haes,
1103 2983 1142 3029 on
1153 2964 1259 3027 eadem
1273 2963 1353 3029 soret
1366 2965 1433 3030 haec
1448 2967 1562 3044 arbon·
1586 2964 1747 3049 scriptione
1769 2961 1968 3026 conveniant.
2012 2955 2124 3024 Obstat
2139 2969 2240 3028 tamen
2255 2957 2397 3030 defluxue

747 3061 819 3107 cum
837 3043 945 3108 Arbore
955 3047 1108 3131 rrrstifosio
1122 3047 1222 3131 Myrti
1235 3048 1418 3118 uuoobini.
1446 3051 1553 3117 Arrisit
1586 3049 1695 3114 florum
1709 3048 1830 3113 Arboris
1850 3043 1938 3128 tristis
1960 3044 1998 3109 de
2012 3045 2074 3123 die,
2094 3048 2181 3130 cujus
2196 3048 2282 3111 nulla
2292 3047 2343 3112 hic
2357 3047 2396 3113 fit

747 3126 926 3194 Bramanom
953 3128 1122 3209 Poriatoci,
1145 3135 1227 3216 quod
1254 3155 1325 3197 cum
1354 3134 1555 3221 Conarerfium
1586 3135 1724 3199 mentio:
1742 3129 1862 3196 Verum
1872 3151 1944 3194 cum
1957 3129 2088 3195 Fabricio
2102 3131 2132 3194 δι
2148 3129 2296 3197 Paludano
2307 3131 2394 3198 testi·

745 3213 921 3280 Porizotoco
935 3237 997 3280 non
1016 3218 1095 3282 mali
1110 3219 1463 3285 convenirevidebatur:
1488 3239 1555 3285 tum
1586 3219 1655 3298 bus,
1682 3217 1758 3282 illud
1787 3236 1839 3278 eos
1863 3213 2012 3280 duntaxat
2034 3229 2201 3280 concernat
2227 3217 2329 3296 floreo,
2354 3218 2395 3280 ad

745 3301 839 3364 etiarn
863 3300 950 3386 Cloſsi
973 3303 1145 3386 descriptio,
1167 3325 1206 3367 ex
1228 3304 1359 3368 Fabricii
1380 3306 1478 3370 relatu
1500 3306 1554 3367 de·
1585 3323 1660 3385 quos
1677 3303 1784 3366 solares
1810 3297 1886 3364 radii
1909 3303 2081 3384 pertingere
2108 3297 2241 3382 possunt,
2264 3302 2392 3366 minotio

744 3403 904 3469 prompta:
936 3389 1098 3466 praesertim
1127 3385 1197 3452 cino
1227 3410 1264 3453 ca
1289 3411 1359 3474 quae
1382 3394 1419 3454 dc
1444 3392 1555 3455 florum
1584 3388 1722 3452 facienda
1742 3385 1861 3450 videtur
1876 3385 1942 3450 haec
1957 3385 2129 3450 difficultas.
2173 3381 2300 3452 Interim
2316 3388 2393 3453 mitri

729 3471 904 3551 xpediculis,
927 3474 1042 3549 colore,
1059 3476 1166 3554 odore,
1185 3471 1284 3539 &usu
1303 3477 1414 3561 reliqui
1436 3480 1556 3541 addunt
1584 3476 1637 3539 vix
1649 3471 1814 3550 satisfacio,
1836 3469 2029 3557 aliorumque
2038 3469 2158 3557 judicio
2177 3471 2339 3539 subscribo.

745 3560 891 3633 Antores,
913 3580 978 3623 non
1001 3561 1191 3625 inconcinne
1215 3582 1289 3625 cum
1309 3562 1483 3627 nostrorum
1498 3562 1552 3626 de-

742 3868 1108 3943 NYCTANTHES
1133 3876 1307 3945 ARBOR
1327 3878 1547 3945 TRISTIS.
1581 3880 1775 4028 αςυῖἷῃίηιᾱε,
1807 3878 1980 3963 pericarpiio
2024 3882 2262 3947 membranaceis
2299 3903 2391 3951 com·

1013 4014 1278 4063 consors
1582 3988 1691 4049 pren.

806 4124 1097 4175 „13⁸”st
1141 4131 1487 4179 MONOGYNM·
1817 4059 2146 4144 Synonymooutborum.

1614 4165 1814 4255 ,Nysianthes
1828 4170 1915 4234 caule
1924 4184 2097 4257 tetragono,
2110 4170 2190 4236 soliis
2199 4171 2297 4235 ovatio
2310 4192 2390 4235 acu·

1580 4253 1723 4423 ῐὲτιίηὲἑιὲι,
1740 4256 1912 4405 ιῖειῖἰοιτρὶἰε
1924 4257 2174 4321 membranaceis
2199 4260 2388 4339 compreffio.

737 4390 1033 4544 diggffiss‘fidae
1078 4394 1148 4461 ω·
1171 4396 1298 4465 ⁸'fidu⁸·
1342 4398 1548 4513 Firmium
1621 4424 1722 4490 Arbor
1736 4425 1826 4490 tristis
1838 4441 1939 4513 myrto
1950 4424 2065 4492 similis.
2111 4425 2212 4495 Bauh.
2226 4428 2292 4512 pin.
2304 4426 2388 4513 46q·

997 4564 1106 4631 Nomen
1118 4567 1287 4654 specificent.
1880 4588 2056 4676 Observatio.
2413 4634 2423 4643 .

782 4678 977 4770 Nyciantheo
1017 4682 1106 4749 caule
1148 4698 1326 4773 tetragono,
1362 4687 1419 4756 sol.
1447 4689 1546 4761 oratis
1616 4686 1859 4759 Frontonem
1874 4690 2034 4773 capsusnris
2054 4690 2112 4757 est.
2238 4688 2349 4759 Lrtut·

999 4278 1155 4344 Chorosier
1171 4282 1323 4365 generiem.
