6092 6950
808 1273 813 1284 Ι
1104 1007 1882 1280 nausearua

660 1411 825 1634 H·
1066 1401 1572 1659 OyR
1852 1397 1975 1618 Τ
2264 1397 2317 1612 Ι

780 1743 2213 1924 MALABARICI

1457 2075 1544 2135 DE

675 2178 1363 2456 nuno
1504 2252 1577 2388 R,
1712 2171 1773 2384 1
1879 2249 1940 2382 Β
2071 2247 2324 2381 us.

851 2785 1542 3010 anns
1773 2847 1833 2964 G
2072 2845 2147 2960 A.

980 3119 1362 3236 cocos
1479 3105 2048 3230 Nucmann

1260 3419 1440 3505 FIG.
1495 3439 1755 3549 1,...2334

872 3706 1029 3792 urgens,
1060 3663 1338 3791 nasciturque
1327 3706 1370 3759 m
1398 3679 1580 3765 arenosis

685 3504 923 3827 TEn
886 3600 924 3663 a,
951 3568 1091 3676 lingua
1117 3547 1358 3668 Brimanum
1384 3564 1525 3661 MW,
1546 3566 1600 3646 est
1628 3540 1742 3697 arbor
1770 3593 1864 3649 curn
1892 3562 2059 3646 surrento
2086 3565 2245 3649 caudice
2259 3569 2337 3651 alte

740 3905 866 3990 Rada
897 3904 1011 3987 craffa
1042 3906 1190 3985 cortice
1218 3902 1446 3985 ruffescente
1474 3930 1518 3984 ac
1549 3902 1781 4014 nigricante,
1812 3921 1974 3984 mterrus
2004 3900 2148 4013 lrgno
2148 3902 2335 4001 mollrorr,

684 4014 799 4098 fibras
817 4016 895 4097 late
915 4013 1171 4099 transversum
1185 4015 1424 4101 diffundens

749 4196 898 4277 Caudex
917 4194 1105 4280 surrectus
1119 4222 1247 4275 unum
1261 4152 1402 4303 pedem
1418 4192 1613 4287 crassus,
1603 4222 1643 4271 m
1671 4218 1748 4271 una
1761 4209 1867 4301 parte
1882 4192 2043 4275 craffitie
2058 4194 2230 4276 maxima
2244 4193 2341 4279 duos

690 4306 813 4389 ferme
828 4305 944 4415 pedes
959 4334 1128 4415 aequans,
1145 4308 1262 4386 ramis
1280 4305 1453 4385 foliaceis
1469 4306 1540 4413 qui
1552 4332 1600 4383 ex
1613 4304 1740 4385 solo
1707 4330 1791 4411 ejus
1806 4307 1950 4384 vertice
1964 4304 2080 4386 altius
2095 4333 2138 4385 ac
2153 4306 2340 4385 altiusin-

692 4418 884 4499 crescente
891 4436 1105 4526 erumpunt
1120 4419 1338 4498 coronatim
1353 4418 1489 4496 urdine
1503 4416 1720 4496 decuffato
1708 4444 1751 4495 m
1766 4416 1989 4497 summitate
2004 4415 2281 4509 circumdatus,
2298 4442 2343 4494 ac

692 4532 733 4619 in
692 4531 895 4613 rcortice
910 4528 974 4608 seu
990 4529 1114 4608 crusta
1127 4532 1358 4637 nigricante,
1376 4556 1461 4637 quae
1477 4528 1638 4637 deglubi
1654 4528 1806 4636 nequit,
1824 4527 2169 4609 semiannularibus
2185 4527 2343 4607 circulis

632 4635 636 4642 ’
694 4669 738 4721 ac
777 4641 881 4720 notis
926 4641 1070 4747 quibus
1114 4642 1229 4749 pedes
1273 4668 1472 4719 ramorum
1514 4640 1738 4717 insederunt
1768 4638 1946 4735 striatus,
1979 4640 2204 4746 constatque
2232 4639 2344 4746 ligno

694 4753 827 4843 minus
856 4750 954 4830 duro
982 4779 1025 4830 ac
1046 4750 1256 4831 filamentis
1285 4750 1418 4884 groffis
1450 4768 1629 4860 pertexto
1657 4776 1700 4829 ac
1717 4748 1840 4828 ruffo·
1844 4701 2081 4845 rubelcente,
2113 4754 2216 4830 intus
2238 4749 2343 4830 mol·
2408 4806 2414 4815 .

696 4864 800 4954 liori,
832 4863 879 4941 ad
894 4864 1086 4942 corticem
1110 4863 1271 4956 duriori,
1303 4858 1395 4942 ciun
1414 4862 1599 4941 vetustior
1626 4861 1680 4939 est
1708 4860 1837 4941 multd
1853 4861 1999 4941 duriori
2020 4866 2058 4942 dc
2079 4862 2202 4970 magis
2219 4862 2344 4969 nigri·

697 4991 824 5064 cante,
854 4974 962 5080 quod
991 4973 1060 5052 sub
1095 4975 1160 5054 dio
1188 4974 1448 5084 expositum
1438 4992 1540 5055 mtra
1568 4973 1680 5065 dum,
1712 4968 1835 5051 tresve'
1855 5000 1975 5053 annos
2009 4974 2252 5111 corruptioni
2270 4972 2345 5050 ob-

698 5084 879 5175 noxium,
910 5082 979 5160 sub
1009 5087 1120 5190 aquis
1155 5087 1278 5193 magis
1307 5084 1489 5178 durabili,
1519 5086 1602 5193 ejus
1632 5110 1835 5181 cacumen,
1867 5083 2023 5193 quod
2009 5114 2031 5164 a
2060 5105 2200 5164 teneris
2230 5085 2346 5165 ramis

698 5194 976 5287 circumdatur,
1007 5220 1101 5273 cnm
1129 5196 1244 5275 altior
1271 5224 1315 5275 ac
1343 5197 1527 5277 vetustior
1554 5196 1680 5288 est,1n
1697 5220 1845 5275 conum
1873 5195 2087 5305 fastigiatur
2106 5226 2149 5277 ac
2165 5178 2277 5275 niolli
2307 5196 2347 5273 dc

680 5307 892 5385 ·albicante
910 5306 1031 5438 pulpa
1056 5306 1120 5385 seu
1148 5307 1308 5386 corculo
1324 5308 1456 5387 dieto
1447 5336 1486 5387 m
1516 5309 1653 5417 lingua
1670 5305 1893 5387 Lusrtanica'
1906 5310 2082 5403 Palmita,
2115 5306 2221 5417 quod
2236 5324 2347 5383 exte-

699 5420 778 5497 rius
807 5445 857 5496 ex
884 5418 997 5496 variis
1028 5418 1172 5497 tunicis
1202 5416 1271 5496 fibi
1290 5420 1432 5499 mutui)
1461 5419 1628 5557 superinj
1633 5420 1725 5498 cuis
1755 5419 1960 5515 conflatur,
1991 5449 2033 5500 ac
2060 5423 2166 5501 intus
2186 5415 2349 5499 densum

699 5528 767 5622 est,
798 5527 972 5622 constat,
1004 5526 1081 5609 hoc
1110 5558 1206 5609 cum
1225 5530 1393 5608 tenerior
1419 5531 1474 5610 est
1502 5529 1644 5640 Te'nga
1673 5533 1712 5610 de
1741 5531 1948 5610 altitudine
1976 5536 2092 5613 unius
2122 5530 2263 5621 cubiti,
2294 5526 2348 5607 est

702 5639 827 5719 dulcis
855 5667 899 5719 ac
927 5642 1027 5748 grati
1047 5640 1216 5751 saporis;
1248 5666 1342 5719 cum
1362 5643 1517 5749 majoris
1535 5644 1671 5733 aetatis,
1702 5641 1843 5749 saporis
1870 5645 2002 5723 minus
2020 5644 2120 5752 grati
2138 5670 2181 5721 ac
2211 5639 2348 5718 astrin-

702 5750 829 5862 gentis
856 5778 900 5831 ac
920 5751 1129 5834 dulcedine
1155 5752 1291 5849 nulla,
1323 5764 1416 5835 cum
1444 5754 1559 5834 altior
1586 5782 1629 5835 ac
1646 5750 1829 5834 vetustior
1845 5754 1913 5851 est,
1944 5754 2083 5867 saporis
2104 5752 2289 5835 dulcioris
2310 5753 2349 5829 &

758 5862 885 5945 ΤοΜ.
907 5864 943 5947 1.
1534 5868 1565 5947 Β
1885 5886 1890 5895 ’
2139 5861 2354 5978 gratiffimi,
