6092 6950
956 799 1907 959 nnnnsnnrcua
2161 891 2256 960 m1

921 1219 989 1335 A
1093 1221 1465 1340 Mn
1648 1227 1719 1341 n
1891 1225 1944 1343 J.
2046 1326 2048 1329 ,

726 1448 1396 1566 ruoroorunn
1478 1453 2128 1570 Truuronrn.
2215 1399 2220 1406 ’

1265 1800 1299 1880 F
1330 1800 1434 1880 I.G.
1497 1826 1564 1911 54.

742 1977 847 2061 Meri
882 1977 980 2088 ling.
1015 1983 1144 2062 Bram.
1187 1982 1295 2090 Ndly,
1339 1981 1393 2060 est
1421 1954 1625 2062 arbuscula
1665 1979 1870 2059 altitudine
1908 1978 2025 2058 unius
2065 1975 2257 2076 hominiS,

769 2118 893 2172 ramos
909 2089 1081 2170 maxime
1098 2091 1321 2172 transversos
1338 2095 1535 2187 emittens,
1549 2092 1779 2200 noscensque
1793 2092 1835 2170 in
1850 2092 2011 2171 arenofis
2027 2090 2067 2170 δι
2082 2095 2255 2200 petrofis.
2302 2145 2308 2156 ·

662 2313 787 2394 Radix
804 2312 990 2407 albicans,
1020 2313 1181 2424 lignosa,
1212 2313 1333 2394 denfis
1355 2314 1463 2416 fibris
1481 2315 1628 2435 vestita.

664 2537 788 2646 Stirpr
807 2533 1019 2619 Brachium
1040 2517 1177 2617 crassus
1195 2537 1335 2630 evadit,
1366 2537 1496 2647 estque
1516 2537 1626 2646 ligno
1647 2533 1761 2621 duro,

663 2757 772 2839 Folia
790 2759 832 2836 in
852 2756 1013 2838 surculis
1034 2759 1232 2854 tenuibus,
1263 2760 1333 2866 qui
1352 2757 1374 2838 ὲ
1393 2761 1509 2840 ramis
1537 2760 1613 2840 suis
1633 2751 1815 2869 paralleli
1833 2773 1978 2836 exeunt
1997 2784 2041 2838 ac
2067 2758 2115 2838 ad
2141 2785 2259 2842 exor-

607 2884 696 2947 tum
714 2869 958 2962 extuberant,
989 2872 1028 2948 dc
1061 2867 1221 2950 interibs
1254 2871 1381 2950 striata
1410 2872 1512 2965 sunt,
1545 2873 1638 2952 bina
1667 2872 1707 2947 dc
1740 2869 1831 2948 bina
1858 2869 1900 2950 iu
1920 2868 2070 2949 duabus
2090 2871 2256 2954 seriebus

607 2981 870 3088 proveniunt,
886 2979 1008 3088 iisque
1029 2980 1256 3061 brevissimis
1277 2979 1509 3090 pedunculis
1529 2982 1709 3073 insident,
1741 2980 1938 3089 acquina,
1969 2979 2135 3089 septena,
2151 2983 2258 3092 paria

607 3117 701 3169 cum
726 3117 808 3169 uno
827 3093 869 3170 in
889 3092 1045 3184 vertice,
1077 3092 1243 3200 suntque
1262 3093 1432 3200 parvula,
1464 3093 1592 3172 forma
1610 3086 1990 3199 oblongo-rotunda,
2019 3090 2187 3173 anterius
2217 3097 2258 3176 dc

607 3199 655 3278 ad
674 3200 867 3309 petiolum
900 3205 1066 3281 rotunda
1096 3231 1175 3296 ora,
1208 3222 1438 3282 contextura
1459 3206 1590 3284 tenuia
1622 3207 1662 3284 dc
1691 3201 1818 3296 densa,
1849 3202 2048 3312 superficie
2080 3204 2197 3314 plana
2214 3235 2265 3314 acl
2349 3306 2351 3313 Ι

606 3310 796 3392 lenissima
806 3349 819 3407 ;
851 3341 945 3392 curn
974 3313 1079 3393 costa
1111 3316 1240 3394 media
1272 3317 1311 3396 in
1347 3316 1498 3394 adversa
1516 3335 1624 3424 parte
1642 3341 1690 3392 ex
1710 3340 1789 3420 qua
1807 3314 1935 3392 nullas
1960 3313 2084 3406 costas,
2101 3317 2258 3425 conspi-

605 3443 704 3505 cuas
717 3424 877 3517 emittit,
908 3423 1047 3503 coloris
1067 3423 1476 3519 viridi-sub-coerulei,
1507 3427 1671 3504 inrecta
1695 3421 1886 3517 fuscioris,
1917 3422 1959 3502 in
1979 3422 2130 3504 adversa
2148 3426 2257 3522 clari,

483 3604 487 3611 .
604 3534 647 3615 in
667 3553 831 3645 utraque
849 3534 953 3614 surdi
964 3571 977 3628 3
1000 3534 1141 3643 saporis
1161 3534 1350 3614 subamari
1363 3538 1402 3615 &
1417 3535 1594 3644 languidi
1613 3534 1757 3615 ardoris
1773 3534 1923 3613 diutius
1935 3534 2143 3617 masticata.
2227 3561 2233 3569 ·

660 3759 788 3841 Floras
823 3757 866 3837 in
905 3754 1087 3837 brevibus
1125 3756 1303 3850 surculis,
1344 3757 1415 3865 qui
1453 3784 1501 3839 ex
1533 3757 1683 3867 origine
1719 3754 1966 3837 surculorum
2003 3755 2259 3844 foliacoorum

605 3886 832 3978 erumpunt,
862 3867 992 3977 plures
1037 3870 1305 3978 congregatim
1343 3867 1406 3948 seu
1450 3870 1627 3979 spicatim
1660 3869 1900 3980 proveriunt,
1930 3867 2097 3979 suntque
2134 3874 2258 3982 parvi,

606 3978 767 4074 fabacei,
798 3979 1013 4059 constantes
1035 4000 1203 4089 quatuor
1221 3978 1342 4075 foliis,
1365 4008 1493 4064 unum
1510 3980 1658 4063 folium
1687 3979 1742 4059 est
1759 3977 2066 4089 anguli-forme,
2088 3986 2127 4063 dc
2147 3984 2258 4064 clau-

607 4091 708 4185 sum,
739 4118 782 4170 ac
802 4089 923 4169 viride
938 4118 1032 4169 cum
1057 4092 1155 4199 stylo
1184 4118 1305 4201 quem
1330 4094 1506 4173 continet
1531 4091 1723 4201 ungulam
1741 4090 1938 4170 efficiens:
1969 4090 2048 4171 duo
2072 4091 2168 4172 solia
2186 4122 2259 4175 an·

604 4201 727 4311 gusta,
759 4203 889 4281 tenuia
919 4200 1021 4295 sunt,
1052 4230 1096 4281 ac
1130 4230 1208 4281 una
1245 4202 1419 4283 interiori
1452 4230 1519 4283 ora
1556 4206 1656 4282 resta
1695 4229 1739 4282 ac
1777 4200 2079 4281 saturo-rosaceo
2117 4205 2258 4286 rubore

605 4311 906 4421 complectentia
924 4312 1144 4421 ungulam3
1175 4331 1359 4421 quartum
1392 4314 1538 4395 folium
1566 4313 1694 4393 versus
1719 4312 1827 4422 quod
1845 4311 1994 4421 ungula
2021 4313 2162 4395 inflexa
2188 4317 2258 4417 est,

607 4422 830 4533 oblongum
867 4426 907 4503 δε
935 4424 1202 4518 latiusculum,
1232 4441 1349 4502 tenue
1386 4455 1429 4506 ac
1458 4424 1784 4518 viridi-dilutum,
1813 4424 2000 4504 exteriora
2029 4425 2155 4506 versus
2194 4456 2256 4507 re-

605 4532 754 4645 flexum
772 4535 898 4614 versus
914 4533 1181 4617 summitatem
1199 4533 1350 4646 petioli,
1381 4562 1502 4648 quem
1522 4537 1634 4618 flores
1650 4536 1939 4631 circumfident,
1970 4535 2112 4633 fitum3
2143 4539 2255 4621 sunt-

607 4673 685 4756 que
704 4646 814 4726 flores
835 4645 963 4725 odoris
978 4647 1143 4728 nullius.

662 4870 712 4950 In
740 4868 872 4948 medio
900 4870 1042 4950 emicat
1068 4871 1191 4979 Stylus
1221 4848 1369 4965 uiridis,
1399 4897 1515 4952 cavus
1547 4870 1665 4952 instar
1693 4868 1817 4949 tbecae
1830 4856 2092 4960 'filamentum
2122 4886 2253 4968 tenue,

607 4979 714 5089 quod
733 4975 754 5057 ὲ
775 4979 955 5089 filiquoso
977 4982 1154 5090 germine
1171 4982 1314 5091 prodit,
1345 4983 1572 5080 recondens,
1603 5009 1647 5062 ac
1666 4978 1837 5091 superibs
1857 4982 1900 5060 in
1925 5009 2042 5091 parva
2059 5007 2103 5060 ac
2123 4984 2255 5064 tenuia

477 5161 483 5171 .
605 5091 849 5171 stamuncula
876 5090 994 5185 fissus,
1026 5120 1113 5198 quae
1142 5094 1306 5174 minutis
1335 5093 1594 5177 albicantibus
1627 5092 1803 5202 apicibus
1838 5092 1970 5173 dotata
1997 5093 2100 5189 sunt,
2130 5120 2174 5174 ac
2205 5093 2255 5174 ad

604 5230 814 5285 concavam
832 5222 982 5313 partem
1002 5230 1084 5282 uno
1101 5203 1301 5286 filamento
1320 5204 1529 5288 obductus.

663 5426 779 5534 Calyx
797 5427 948 5511 Florum
977 5428 1153 5537 quinque
1172 5426 1462 5537 cuspidatorum
1481 5439 1521 5512 dc
1549 5428 1736 5513 viridium
1748 5424 1938 5509 soliorum
1962 5427 2032 5511 est.

665 5650 813 5729 Gemma
845 5652 997 5733 Florum
1028 5650 1404 5764 oblongo-rotunda
1433 5652 1537 5751 sunt,
1567 5682 1611 5738 ac
1631 5652 1679 5738 ad
1698 5680 1819 5738 uuam
1837 5670 2003 5766 partem,
2033 5648 2075 5731 in
2095 5676 2173 5762 qua
2190 5649 2259 5735 fo·

605 5758 708 5847 lium
731 5758 982 5847 latiusculum
1001 5765 1038 5846 se
1057 5768 1195 5877 aperit,
1225 5762 1407 5851 nonnihil
1426 5767 1567 5878 planae.

2070 5983 2107 6071 F
2110 5981 2261 6068 loribus
