6092 6950
1024 793 1989 902 MALABARIGUa
2258 831 2430 942 sp,

704 1346 844 1484 'a
1039 1247 1391 1478 Ma
1595 1349 1672 1482 A
1868 1357 1955 1478 N
2137 1361 2273 1484 A.-

917 1743 1425 1861 BoRAssUS,
1464 1744 2081 1859 FLABELLIFER.

1328 2203 1521 2294 .FIG.
1586 2235 1652 2292 10.

812 2438 974 2549 Mpam,
1005 2459 1092 2545 quae
1128 2433 1293 2514 secunda
1340 2435 1496 2544 species,
1528 2436 1649 2545 Ling.
1685 2437 1816 2519 Bram.
1854 2435 2104 2532 Talatcz'mada
2135 2439 2328 2522 Lusitanis

824 2553 997 2636 Palmera
1025 2546 1157 2630 Brclvo
1188 2545 1342 2640 Machl,
1372 2575 1467 2626 cum
1488 2546 1754 2629 Carlm-Pana
1779 2548 1913 2627 eadem
1934 2550 2001 2644 est,
2033 2548 2186 2630 tantiam
2212 2554 2252 2631 in
2282 2579 2331 2632 eo

824 2663 1018 2754 differens,
1049 2659 1158 2768 qubd
1176 2659 1266 2738 loco
1287 2658 1491 2738 fructuum
1515 2661 1581 2739 seu
1604 2663 1777 2742 Cocorum
1806 2663 1981 2772 Capitula
1999 2665 2129 2742 teretia
2162 2668 2201 2744 bc
2221 2664 2328 2743 flori-

682 2777 761 2858 fera
777 2775 974 2886 proferat,
1005 2771 1234 2850 haec'autem
1251 2771 1492 2880 Capitulaex
1505 2774 1629 2882 Caffis
1643 2801 1729 2881 quae
1752 2771 1857 2852 soliis
1878 2794 2020 2856 mutuo
2034 2776 2330 2854 circumvolutis

683 2889 873 2981 constant,
904 2915 947 2965 ac
981 2886 1092 2993 supra
1125 2911 1173 2962 cx
1212 2901 1350 2962 exortu
1383 2911 1583 2964 ramorum
1619 2885 1803 2977 emicant,
1833 2886 1985 2966 diversis
2026 2888 2217 2979 caulibus,
2262 2887 2333 2996 qui

683 3002 784 3093 duri,
815 2999 921 3109 plani
949 3000 989 3078 δι
1007 2989 1181 3106 primbm
1201 2994 1425 3088 albicantes,
1456 2997 1547 3075 dein
1566 2996 1705 3075 virides
1734 2997 1836 3090 sunt,
1861 3026 2021 3108 prorum
2051 3016 2138 3090 unt,
2161 3000 2201 3076 in
2222 2998 2332 3076 sum·
2389 3011 2396 3025 “

684 3115 820 3193 mitate
845 3112 961 3190 unius
990 3106 1126 3200 caulis,
1158 3107 1237 3185 duo
1267 3108 1383 3185 triave
1411 3107 1503 3201 fita;
1535 3109 1624 3187 sunt
1649 3127 1780 3192 autem
1808 3110 1979 3220 capitula
2033 3138 2098 3188 uas
2125 3107 2333 3220 spithamas

684 3228 774 3338 plus
795 3225 926 3302 minus
950 3221 1082 3329 longa,
1112 3221 1152 3298 ὃς
1180 3215 1363 3298 nonnihil
1392 3220 1565 3313 incurva,
1595 3215 1771 3330 primltm
1799 3249 1895 3300 cum
1917 3221 2094 3300 caulibus
2114 3221 2333 3311 albicantia,

685 3339 774 3420 dein
799 3334 1062 3414 viridescentia
1081 3333 1120 3410 ac
1149 3330 1273 3410 fraslu
1301 3329 1459 3425 facilia,
1476 3334 1516 3410 in
1537 3333 1735 3441 superficie
1760 3332 1942 3440 plurimis
1961 3333 2217 3440 squammulis
2247 3357 2335 3438 quae

684 3477 733 3530 ex
752 3447 965 3529 intortione
992 3460 1130 3553 apertas
1149 3442 1416 3521 summitatem
1442 3471 1580 3523 eorum
1598 3444 1822 3552 respiciunt,
1853 3443 2036 3521 obducta.

745 3671 872 3752 Floret
899 3692 998 3775 quos
1025 3662 1156 3744 ferunt
1184 3664 1285 3743 inter
1309 3662 1528 3771 squammas
1555 3691 1604 3742 ex
1632 3662 1707 3741 suis
1733 3656 1859 3743 oculis
1887 3666 2057 3744 emicant
2083 3666 2125 3745 in
2155 3666 2338 3746 tractibus

689 3778 905 3893 spiralibus,
936 3794 974 3855 at
995 3804 1074 3854 non
1094 3775 1265 3884 signatis,
1296 3802 1339 3853 ac
1372 3775 1442 3853 sibi
1471 3792 1613 3853 mutuo
1639 3774 1830 3883 parallelis
1860 3778 2024 3856 confiti:
2056 3778 2222 3887 suntque
2246 3777 2337 3856 stel-

689 3895 780 3973 lulae
802 3888 1016 3977 constantes
1034 3886 1157 3966 tribus
1183 3886 1308 3995 parvis
1327 3879 1486 3964 interibs
1502 3883 1830 3965 cochleato-cavis
1848 3916 1891 3967 ac
1907 3889 2165 3996 rigidiusculis
2177 3889 2339 3981 foliolis,

690 4032 777 4113 quae
796 3996 971 4113 primlrm
989 4026 1085 4078 cum
1114 3995 1286 4108 capitulo
1315 3997 1541 4088 albicantes,
1572 3998 1661 4076 dein
1680 3998 1946 4080 viridescentcs
1974 4000 2075 4092 sunt,
2107 4001 2337 4091 constantes,

692 4118 973 4221 continentque
1004 4112 1046 4189 in
1065 4111 1196 4188 medio
1225 4108 1402 4217 quinque
1429 4108 1489 4186 vel
1516 4108 1580 4186 sex
1609 4109 1740 4187 tenuia
1765 4109 1939 4203 stamina,
1970 4140 2057 4219 quae
2085 4110 2260 4220 apicibus
2280 4110 2339 4188 al-

691 4223 928 4317 bicantibuS,
958 4220 1201 4309 subflavis&
1226 4218 1505 4329 grandiusculis
1535 4245 1579 4298 ac
1607 4219 1744 4299 striatis
1765 4219 1894 4300 dotata
1922 4220 2023 4304 sunt.

751 4452 799 4528 In
821 4446 925 4526 hisce
955 4446 1137 4555 Capitulis
1166 4444 1342 4524 floriferis
1366 4444 1467 4522 intra
1497 4469 1653 4522 carnem
1682 4441 1861 4553 proxim&
1888 4472 1936 4526 ex
1959 4446 2111 4527 adverso
2131 4447 2343 4527 oculorum

693 4560 838 4641 florum
859 4562 1016 4640 Gemmae
1033 4555 1406 4664 oblongo-rotundas
1439 4554 1486 4632 ad
1514 4553 1755 4663 superficiem
1783 4560 1929 4652 ereslae,
1960 4586 2046 4666 quae
2071 4558 2206 4666 glabro
2225 4558 2341 4639 locu·
2392 4599 2396 4608 ·

693 4672 867 4755 lamento
885 4668 1047 4753 occlusa
1066 4667 1169 4763 sunt,
1200 4668 1464 4759 continentur,
1495 4692 1666 4774 quorum
1685 4666 1810 4745 oculis
1839 4668 1951 4749 flores
1976 4669 2106 4750 inserti
2125 4669 2227 4750 sunt.

1145 4889 1265 5005 Apud
1286 4890 1382 5004 hosce
1400 4890 1560 4975 Medicas
1587 4919 1657 4988 non
1684 4890 1730 5001 est
1755 4891 1798 4995 in¹
1820 4895 1897 5001 usta.

1369 5226 1538 5311 FIG.
1602 5256 1666 5312 10.

746 5420 850 5487 Palma
869 5416 938 5479 haec
955 5414 994 5477 ab
1020 5412 1087 5478 aliis
1113 5434 1178 5479 non
1199 5414 1358 5497 descripta,
1377 5436 1442 5480 non
1467 5417 1516 5479 in·
1547 5432 1656 5501 caeteta
1670 5415 1842 5496 simillimis,
1864 5430 1931 5484 toto
1949 5419 2031 5483 toelo
2044 5418 2245 5501 discrepantes
2265 5416 2353 5481 flores

707 5502 871 5571 commod&
885 5522 955 5563 meo
964 5500 1083 5585 judicio
1092 5500 1251 5563 vocabitur
1262 5498 1365 5563 Palma
1378 5499 1518 5566 Masaba·
1549 5504 1578 5568 δι
1595 5504 1710 5567 fruitus
1723 5505 1870 5587 apposuit.
2318 5538 2324 5548 ·

709 5594 782 5669 rica,
798 5587 930 5653 flosculis
941 5583 1078 5662 stellatis,
1091 5584 1300 5669 srudlulongo
1311 5588 1510 5671 squammato.
1591 5590 1644 5650 An
1667 5604 1769 5653 autem
1796 5611 1863 5653 eam
1889 5590 1930 5655 ob
1954 5591 2117 5667 rationem,
2140 5611 2179 5651 ex
2214 5586 2353 5673 Legibus

756 5674 860 5740 Mirus
875 5671 1164 5737 verbnaturaelusus
1178 5672 1209 5733 in
1224 5670 1521 5754 hacapraecedente
1549 5687 1678 5751 naturas,
1709 5676 1727 5738 ὲ
1749 5670 1920 5739 Clarissimo
1942 5673 2096 5760 Moriffono
2117 5674 2261 5736 exhibitis
2291 5672 2355 5735 dis·

705 5760 804 5849 specie
818 5755 1051 5828 considerandus
1075 5758 1172 5838 venit,
1198 5754 1400 5841 quae‘l'lantis
1418 5758 1523 5843 quoad
1544 5759 1635 5847 jungi
1646 5760 1788 5845 debeant,
1802 5762 1970 5850 unicuique
1975 5760 2178 5849 judicandum
2191 5758 2344 5844 relinquo.

1978 5966 2354 6038 BORASSUS
