6092 6950
744 719 830 916 or
1090 745 1097 753 ’
1261 773 1881 890 nonunt

745 1005 865 1088 crasso
893 1007 933 1085 dc
963 1003 1099 1100 lacteo,
1129 1000 1304 1115 primum
1331 1004 1648 1102 viridi-obscuro,
1680 1007 1770 1086 dein
1795 1002 1890 1088 cum
1920 1006 2063 1088 maturi
2081 1005 2185 1101 sunt,
2212 1011 2386 1092 exterius

744 1117 875 1198 colore
894 1118 1144 1210 flavo-aureo,
1168 1118 1329 1197 interius
1349 1116 1613 1212 flavo-diluto,
1643 1120 1900 1228 aperiuntque
1926 1120 1963 1199 se
1992 1120 2034 1199 in
2053 1119 2240 1232 superiori
2257 1122 2393 1216 latere,

747 1229 817 1310 ubi
833 1231 964 1310 sutura
981 1231 1023 1308 in
1041 1227 1286 1336 longitudine
1305 1257 1375 1339 per
1394 1227 1571 1309 medium
1590 1231 1719 1310 striata
1737 1229 1840 1312 sunt.

771 1489 777 1502 ·
811 1454 954 1536 Semina
969 1453 1074 1532 intus
1095 1452 1286 1560 quinque,
1317 1451 1395 1546 sex,
1426 1451 1621 1561 septemve
1645 1456 1896 1534 continentur
1924 1479 2018 1534 cum
2052 1450 2261 1535 filamentis
2287 1453 2396 1535 velut

751 1565 910 1674 ungulis
924 1567 1117 1672 jundiurae
1136 1563 1406 1672 appendentia,
1427 1563 1595 1672 suntque
1614 1565 1797 1674 oblonga,
1826 1565 1951 1674 figura
1979 1565 2090 1643 valde
2107 1566 2308 1674 irregulari
2327 1594 2395 1646 ac·

682 1731 685 1740 ·
752 1676 1002 1758 commodata
1036 1675 1083 1752 ad
1120 1675 1287 1754 aliorum
1306 1675 1499 1754 seminum
1519 1676 1909 1784 circumpofituram3
1940 1691 2035 1754 cum
2060 1677 2270 1756 immatura
2293 1676 2396 1771 sunt,

755 1785 861 1870 intus
880 1786 1020 1896 aquosa
1047 1788 1088 1866 dc
1106 1786 1381 1881 viridi-diluta,
1412 1805 1564 1865 matura
1596 1787 1866 1866 membranula
1900 1787 2089 1868 exteriore
2114 1787 2299 1866 corallina
2321 1789 2397 1868 ob-

755 1901 885 1993 ducta,
914 1927 958 1980 ac
977 1899 1084 1980 intus
1112 1897 1327 1979 constantia
1350 1897 1512 1980 officulo
1540 1895 1649 1979 fusco
1668 1901 1800 1979 minus
1819 1901 1917 1981 duro
1937 1902 1979 1978 in
1998 1927 2080 2006 quo
2108 1898 2269 1980 nucleus
2287 1899 2400 2002 albus

755 2028 994 2094 continetur.

814 2234 942 2348 Flores
966 2229 1050 2316 haec
1069 2233 1183 2318 arbor
1201 2232 1277 2316 fert
1296 2251 1370 2316 toto
1388 2223 1495 2328 anno,
1526 2231 1699 2316 maxime
1729 2250 1903 2341 tempore
1928 2231 2117 2343 pluvioso.

1319 2459 1592 2540 rinno
1659 2456 1894 2568 nJun

762 2591 956 2729 RAdicis
983 2597 1120 2724 Cortex
1144 2592 1274 2722 tritus‘
1288 2595 1338 2722 διΙ
1356 2615 1495 2706 epotus
1526 2593 1569 2675 in
1602 2621 1702 2702 aqua
1733 2593 1867 2719 calida·
1888 2592 2042 2672 fluxum
2063 2587 2207 2669 ventris
2241 2587 2333 2668 listit
2360 2615 2404 2669 ac
2533 2649 2537 2659 .

855 2704 1008 2816 prodest
1025 2733 1068 2784 rn
1088 2705 1300 2816 dysenteria
1326 2733 1369 2786 in
1396 2706 1493 2788 laete
1518 2704 1644 2786 datus.
1703 2705 1802 2788 Idem
1820 2722 1936 2787 tritus
1955 2732 2051 2784 cum
2068 2728 2169 2812 aqua
2186 2703 2226 2782 ἃ
2243 2699 2404 2813 ⁸aposte-

764 2819 879 2903 matis
900 2815 1160 2928 appofitue'ea
1187 2814 1356 2903 resolvit.

1488 3039 1657 3125 Fre.
1713 3063 1786 3150 47.

811 3184 983 3253 Secundam
997 3185 1078 3249 hanc
1096 3181 1180 3250 Palae
1195 3185 1325 3268 sp'eciem
1339 3203 1449 3250 vocare
1470 3181 1572 3246 lubuit
1607 3183 1740 3246 multum
1765 3179 1909 3246 absimilis
1924 3176 1979 3253 est,
2001 3197 2072 3262 quae
2094 3177 2218 3240 nomine
2236 3175 2410 3250 Kiridiwael,

766 3273 902 3344 Arnum
913 3268 1125 3335 Malabarr'cam
1134 3271 1327 3358 lactescentem,
1334 3267 1572 3357 fimbriatostore,
1604 3288 1644 3332 ex
1658 3268 1756 3350 Ceylon
1766 3267 1824 3331 fuit
1837 3261 2012 3341 transmissa,
2023 3260 2126 3325 fructu
2139 3262 2309 3328 mentulam
2317 3259 2411 3328 stmiae

678 3447 679 3452 ἵ
757 3365 866 3454 fructu
889 3357 964 3424 circa
985 3355 1119 3445 cuspidem
1143 3360 1252 3446 reflexo.
1295 3354 1379 3420 Huic
1393 3367 1496 3419 autem
1510 3373 1575 3419 non
1607 3353 1768 3431 referente,
1791 3351 1917 3416 unde&
1932 3352 1960 3413 ei
1975 3367 2101 3413 nomen.

769 3680 1198 3751 raunnunnonrnun
1239 3674 1579 3741 nnrnnmronn.·
1867 3668 1977 3735 mma
1988 3666 2155 3754 spanum

1655 3788 1959 3856 Tabernnnontana
1990 3786 2047 3853 fot.
2072 3784 2211 3865 aternio,
2241 3786 2325 3851 canl.
2366 3808 2419 3851 ar·

1042 3863 1104 3912 ‘³
1128 3862 1152 3908 Α
1177 3863 1192 3909 ⁸
1217 3861 1232 3907 ⁸
1255 3862 1307 3907 ¹³
1610 3876 1798 3943 borescente.

792 4020 1168 4089 tinnientia
1213 4022 1558 4073 uouoouurn.
1771 4060 1774 4064 ,
1850 4038 2176 4130 &mammo

1296 4204 1303 4219 .
1532 4138 1546 4181 ·'
1658 4142 1961 4212 Tabernaemontana
1981 4141 2063 4206 foliis
2093 4139 2230 4222 alternis,
2251 4138 2340 4206 caule
2368 4160 2420 4205 ar·

1033 4204 1190 4273 character
1205 4226 1357 4291 generunt·
1618 4230 1807 4297 borescente·

673 4372 677 4383 ·
785 4324 793 4343 '
820 4337 984 4404 contorta
1008 4336 1154 4406 folliculi
1182 4354 1216 4414 2,
1246 4332 1464 4407 horiwntaler.
1499 4324 1582 4397 Sem.
1929 4311 2106 4399 obstructio·

772 4424 875 4511 pulpa
889 4424 1037 4491 immersa.
1487 4424 1492 4459 ³
1662 4412 2035 4485 Hrbtutinttatabana.
2267 4404 2376 4477 Lmrr.
