6092 6950
1243 936 1326 1032 ,Η
1394 935 1440 1031 Ο
1513 935 1562 1035 R
1633 931 1685 1028 T
1752 935 1799 1031 U
1866 937 1898 1038 S

1306 1121 1579 1266 araas
1645 1177 1920 1294 irJirss

830 1371 971 1454 Ortr'cis
988 1372 1027 1452 δι
1045 1371 1227 1453 Fastorum
1246 1369 1449 1451 decoctum
1470 1385 1634 1479 epotum
1651 1370 1763 1450 servit
1789 1372 1837 1452 ad
1866 1371 2091 1482 sanguinem
2120 1373 2160 1457 iti
2189 1402 2348 1488 corpote
2367 1407 2418 1463 eit

845 1482 1003 1562 vulnere
1023 1501 1220 1564 retentum
1234 1484 1550 1591 expurgandum,
1581 1477 1812 1592 confertque
1826 1483 1944 1582 etiam
1962 1486 2159 1593 puerperis
2178 1489 2225 1569 ad
2246 1479 2420 1572 materian

758 1594 1072 1702 sanguinolentae,
1104 1623 1191 1702 quae
1224 1595 1309 1702 post
1341 1613 1502 1704 parturn
1522 1591 1670 1672 retentu
1700 1597 1767 1686 est,
1798 1596 2076 1674 excretioncm.
2137 1599 2238 1682 Cnlx
2256 1629 2343 1710 quae
2370 1605 2416 1684 in

756 1705 950 1814 stipitibus
969 1705 1124 1786 vetustis
1139 1706 1288 1799 crescit,
1319 1705 1474 1815 prodest
1500 1705 1542 1782 in
1562 1704 1789 1813 strangurisi‚
1820 1705 1942 1815 iisque
1963 1707 2032 1814 qui
2048 1708 2200 1792 urinam
2219 1714 2418 1822 purulen-

756 1836 836 1896 tam
857 1836 1055 1928 mangunt.

1427 2043 1595 2123 FIG.
1661 2043 1729 2123 16.

796 2175 971 2243 Arandr‘nem
986 2181 1066 2244 lianc
1083 2179 1215 2244 Autores
1231 2175 1323 2242 nostri
1348 2177 1562 2242 i‘riter‘arbores
1601 2175 1775 2257 obtinuisse,
1799 2175 1871 2244 crim
1904 2174 2046 2244 crasfities
2075 2179 2172 2244 unios·
2192 2182 2413 2264 extremitatis,

750 2259 938 2340 describunt,
950 2267 1057 2330 eodem
1071 2288 1135 2347 quo
1150 2268 1185 2328 C.
1204 2265 1353 2327 Baubinur
1358 2265 1441 2348 jure,
1456 2264 1507 2326 cui
1528 2264 1560 2326 in
1599 2263 1636 2326 ab
1652 2264 1775 2330 alterius
1790 2267 1842 2330 vix
1864 2265 1997 2332 differat.
2044 2265 2259 2332 Admiratione
2282 2291 2408 2352 quoque

750 2345 859 2413 Pinare
869 2351 992 2428 dicitur,
1006 2353 1121 2413 Arunda
1133 2354 1237 2414 arbor:
1253 2353 1284 2413 in
1294 2371 1355 2432 qua
1371 2350 1482 2412 humor
1495 2347 1560 2410 lac·
1598 2347 1726 2432 dignum
1752 2351 1807 2428 est,
1831 2365 1894 2417 tam
1922 2349 2038 2415 vastam
2064 2353 2250 2416 arundinum
2277 2355 2405 2433 molem,

750 2447 819 2496 teus
830 2437 982 2521 gignitur,
995 2439 1048 2520 qui
1063 2436 1193 2499 Tabnxir
1206 2435 1345 2500 Aralidur
1361 2435 1391 2498 ἃ
1409 2432 1563 2496 Avirennae
1599 2447 1661 2498 tam
1677 2437 1796 2522 exiguis
1813 2436 1911 2502 vestiri
1939 2435 2034 2512 soliis,
2058 2433 2128 2499 cilm
2145 2439 2279 2502 maxima
2293 2461 2331 2502 ex
2348 2439 2404 2503 sic·

749 2515 879 2586 Mambri
893 2521 1038 2600 Indorum,
1061 2523 1097 2585 in
1109 2525 1204 2607 cujus
1217 2519 1417 2584 arundinibus
1433 2516 1563 2582 Tabaxir
1596 2520 1683 2596 catis,
1707 2543 1779 2604 quae
1800 2519 1925 2597 asserio,
1951 2521 2003 2584 vix
2018 2522 2196 2604 spithamam
2211 2521 2405 2610 longitudine

749 2599 1300 2685 sivesaccharum‚ManrbaGarziae.
1346 2605 1475 2670 Reffius
1489 2601 1558 2667 Do·
1597 2618 1649 2669 aut
1666 2607 1863 2672 transuersum
1882 2605 2403 2693 digitumlatitudinetranscendat.

749 2689 854 2754 minus
883 2691 1040 2772 Hermam,
1064 2693 1115 2778 qui
1143 2693 1241 2756 Anno
1269 2691 1362 2772 1676.
1387 2690 1559 2772 portionem
1596 2689 1771 2756 Arundines
1787 2693 1834 2756 ha:
1849 2694 1969 2776 iusuper
1995 2707 2172 2774 amputatae,
2196 2694 2227 2757 dr
2247 2695 2319 2780 igne
2335 2717 2402 2759 cre-

749 2771 869 2841 Plantae
883 2775 1038 2852 siccatam,
1056 2800 1200 2843 unacum
1214 2777 1338 2840 soliis&
1354 2776 1494 2839 florescit
1508 2775 1558 2839 iii-
1593 2791 1695 2852 matae,
1720 2777 1932 2842 fertilissimum
1954 2778 2090 2858 praebent
2112 2779 2258 2856 cinerem,
2284 2782 2318 2844 in
2340 2801 2404 2863 quo

748 2859 814 2924 sulai
837 2865 938 2927 Zeilan
957 2862 1130 2943 transmisit,
1148 2860 1558 2928 Baahinianamuenomina-
1593 2865 1694 2926 omnis
1717 2865 1835 2948 generis
1854 2861 1978 2928 consitae
2002 2863 2116 2946 plantae
2139 2863 2269 2928 feliciter
2288 2887 2402 2949 prove·

748 2947 865 3010 tionem
875 2949 1017 3012 nonnihil
1029 2951 1215 3025 immutavit,
1237 2947 1312 3012 dum
1322 2961 1413 3012 vocat
1427 2946 1557 3010 Arundi-
1592 2947 1702 3012 niunt:
1723 2950 1796 3014 dum
1813 2967 1915 3014 autem
1927 2963 2111 3025 cremantur,
2133 2949 2291 3034 ingentem
2305 2952 2402 3018 edunt

747 3051 809 3092 nem
835 3031 962 3098 Indicam
986 3036 1131 3097 arboream
1144 3036 1306 3112 maximam,
1330 3033 1557 3180 corticgspinoso.
1583 3033 1736 3112 sonitum,
1748 3037 1777 3100 br
1793 3035 1912 3122 fragore
1924 3047 2050 3099 centum
2062 3033 2181 3118 aliquot
2195 3035 2400 3118 sclopetorum

746 3110 845 3181 Addit
858 3119 949 3196 porro
962 3119 1046 3204 quod
1057 3119 1260 3207 Cingalenfiliri
1270 3135 1396 3184 vocetur
1442 3117 1556 3198 uayhnr,
1591 3117 1780 3200 exploliones
1796 3121 1990 3185 aemulantur.
2034 3120 2097 3182 Aer
2113 3121 2196 3184 enim
2222 3122 2303 3186 intra
2323 3145 2401 3187 can-

745 3200 777 3264 id
793 3201 848 3279 est,
869 3204 961 3268 arbor
972 3204 1100 3279 febrilis,
1114 3207 1187 3289 quia
1211 3208 1295 3270 sebre
1312 3205 1520 3286 corripiuntur
1536 3204 1557 3265 ii
1582 3203 1699 3280 cellos,
1713 3205 1954 3270 internodiorum
1967 3223 2027 3284 ope
2037 3205 2182 3280 reclusus,
2198 3207 2272 3270 dum
2286 3208 2401 3286 rarefit,
2465 3201 2467 3206 ⁵
2532 3245 2538 3250 ·

745 3287 801 3370 qui
822 3288 853 3353 se
872 3288 1059 3358 lavantexa
1083 3291 1144 3368 uia,
1165 3292 1198 3356 in
1224 3310 1301 3376 quaa
1327 3289 1442 3352 arboris
1467 3287 1557 3374 hujus
1590 3288 1779 3374 ampliusque
1793 3290 1922 3372 spatium
1938 3285 2093 3367 desiderat,
2116 3289 2245 3372 parietes
2259 3313 2398 3377 quaqua.-

745 3372 820 3438 folia
853 3374 1002 3441 decidere.
1061 3313 1216 3459 {orrupte
1244 3373 1383 3458 vulgos
1416 3373 1559 3460 Lriſsranis
1590 3375 1706 3438 versum
1720 3375 1891 3458 disrumpit,
1915 3375 1992 3440 &vi
2008 3370 2062 3436 fibi
2077 3376 2196 3439 exitum
2209 3379 2330 3460 quaerii.
2444 3401 2448 3406 ·

744 3457 870 3545 aliisque
887 3482 1016 3528 vocatur
1028 3461 1142 3529 Baraba
1156 3463 1204 3528 rel
1227 3461 1382 3527 Bambm:
1403 3460 1437 3525 iii
1452 3460 1556 3525 lnsula
1580 3494 1583 3503 ⁴
1631 3459 1737 3544 Quam
1759 3462 1840 3527 vada
1868 3478 1984 3544 autem,
2006 3480 2072 3525 non
2101 3458 2206 3527 minda
2227 3484 2263 3527 ac
2293 3461 2398 3533 Palma

744 3561 848 3610 autem
863 3546 1060 3637 Modogascar
1093 3550 1297 3633 raesertimque
1311 3548 1376 3634 ejus
1392 3542 1555 3611 Provincia
1578 3542 1745 3633 ,Coccr'serm
1762 3547 1829 3611 haec
1847 3547 1952 3631 planta
1966 3550 2136 3611 humanum
2153 3549 2185 3613 in
2197 3551 2398 3621 commodum

745 3630 952 3709 Galemboulou,
976 3634 1050 3700 teste
1069 3572 1209 3715 ssomino
1224 3632 1368 3708 Florum,
1394 3646 1480 3695 tanta
1497 3654 1553 3695 na·
1589 3628 1756 3715 suppeditet
1781 3632 1907 3709 auxilia,
1932 3632 2071 3715 pluribus
2100 3635 2395 3714 indomitorum,

742 3716 838 3782 scitur
860 3720 961 3801 copia,
983 3735 1021 3786 ut
1039 3721 1125 3806 regio
1150 3720 1222 3785 inde
1237 3739 1352 3785 nomen
1372 3717 1553 3783 obtinuerit.
1587 3716 1614 3778 δι
1628 3716 1779 3799 imprimis
1794 3716 1835 3781 G.
1854 3716 1919 3804 Pisa
1932 3719 1964 3782 in
1985 3716 2128 3804 dsarrffr
2144 3717 2318 3801 Aremorica,
2342 3725 2400 3789 ubi·

742 3800 834 3871 Vordu
849 3805 931 3869 enim
947 3806 1061 3870 ibidem
1075 3820 1284 3889 nuncupatur.
1322 3805 1477 3888 Ad'quam
1492 3802 1550 3865 im·
1585 3815 1693 3883 praeter
1707 3803 1958 3871 accuratiffimam
1984 3802 2073 3869 Sator
2086 3802 2225 3881 Mambri,
2248 3803 2308 3873 stre
2331 3804 2396 3873 Ta-

740 3889 876 3953 mensam
892 3904 996 3955 autem
1009 3890 1087 3956 locis
1101 3892 1256 3969 humidis,
1272 3886 1402 3953 arenosis
1417 3886 1448 3951 dr
1461 3886 1550 3970 palu·
1578 3886 1668 3968 ¹baarr'r
1678 3886 1924 3971 descriptionem,
1939 3890 2038 3954 uidere
2053 3910 2175 3975 quoque
2190 3891 2277 3971 licet,
2293 3896 2395 3959 tenel-

741 3971 831 4050 dolia,
846 3975 957 4059 quibus
978 3977 1104 4063 gaudet,
1126 3976 1310 4061 quandoque
1335 3970 1465 4059 assurgat
1480 3994 1552 4055 pro·
1584 3971 1628 4034 los
1656 3972 1748 4058 hujus
1776 3972 1948 4038 Arundinis
1974 3996 2087 4053 ramoa,
2110 3976 2272 4057 praesertim
2298 3978 2396 4044 radici

739 4060 962 4137 ceritatem,ex
977 4064 1023 4125 fra
1045 4062 1167 4138 mentis,
1183 4060 1343 4126 Clarissimi
1357 4060 1466 4143 Pisonis
1479 4080 1549 4121 mu·
1585 4057 1712 4132 vicinos,
1736 4058 1774 4141 ab
1786 4056 1870 4123 ludis
1884 4062 2016 4133 condiri,
2029 4060 2058 4123 dr
2073 4060 2200 4127 celebris
2216 4061 2298 4127 illius
2314 4086 2395 4130 con·

740 4166 826 4245 nere,
839 4146 871 4208 in
886 4148 1007 4231 porticu
1020 4084 1111 4213 slorti
1124 4148 1300 4249 Academici
1313 4143 1467 4245 suspensis,
1482 4144 1550 4243 col·
1577 4142 1720 4241 sessionis
1741 4164 1812 4227 quae
1832 4144 1928 4244 sichar
1952 4146 2047 4231 vulgi>
2070 4160 2279 4248 nuncupatur,
2302 4148 2333 4215 da
2354 4150 2397 4217 ad

739 4230 1432 4404 ldtlllutlt'ltigltlltlt'llus&
1449 4250 1552 4397 “ulli
1583 4232 2394 4415 litblsstt't‘ltlllmsltlltlllist}tt}

743 4398 775 4464 δι
793 4401 938 4465 credibile
951 4402 1006 4481 cll,
1029 4405 1117 4467 hasce
1131 4403 1309 4481 arundines,
1331 4418 1493 4485 antequam
1505 4399 1550 4462 es·
1583 4418 1645 4462 non
1660 4396 1797 4463 infimam
1809 4418 1926 4484 partein
1942 4398 2133 4468 constituetur

739 4486 808 4553 sent
836 4486 997 4568 diffracta,
1022 4490 1119 4573 duplo
1147 4490 1295 4571 majorem
1321 4486 1548 4574 longitudinem

799 4820 1478 4914 ARUNDOJAMBOS.
1754 4822 2086 4905 Synorumaautsrrriun.

1622 4916 1753 4984 Arundo
1781 4921 1942 5007 calycibus
1968 4924 2155 5009 multifloris,
2176 4928 2265 5017 spicis
2294 4942 2392 5011 ternis

1004 5031 1022 5076 c
1044 5028 1065 5073 1.
1089 5027 1112 5071 A
1138 5029 1153 5073 s
1177 5029 1191 5073 s
1216 5030 1232 5075 1
1253 5029 1268 5073 s
1419 5070 1423 5081 Ι
1579 5001 1730 5068 seffilibus.
1776 5004 1825 5089 Sp.
1844 5004 1888 5071 Pl.
2389 5024 2392 5033 ’

1619 5090 1751 5155 Arundo
1766 5092 1867 5157 arbor.
1914 5090 2010 5159 Bauh.
2033 5097 2098 5180 piri.
2127 5098 2176 5167 18.
2198 5102 2291 5175 Hott.
2307 5110 2389 5181 cliff.

750 5190 778 5243 'r
800 5194 824 5241 ι
847 5194 861 5241 r
885 5194 911 5241 ii
933 5195 956 5240 u
981 5193 1005 5240 i>
1029 5193 1052 5239 ii
1077 5193 1090 5239 r
1115 5194 1141 5238 ii
1210 5192 1234 5237 o
1258 5194 1272 5241 1
1295 5191 1320 5236 o
1344 5190 1368 5236 r
1393 5190 1416 5236 u
1442 5193 1456 5237 r
1479 5190 1522 5237 Α.
1576 5190 1628 5256 25.
1661 5171 1880 5263 Fl.zeyl.42.
1903 5178 2168 5271 Roy.lugdb.67.

1617 5258 1758 5327 Tabaxir
1783 5260 1816 5327 δι
1833 5262 1970 5331 Mombu
1996 5270 2096 5334 arbor.
2120 5270 2222 5341 Bauli.
2255 5279 2325 5349 hill.
2354 5302 2387 5353 r.

943 5362 1101 5429 Charusitr
1118 5362 1272 5447 generiem.
1513 5422 1516 5427 ,
1573 5364 1603 5425 p·
1617 5362 1693 5413 222.

768 5472 840 5546 cai.
872 5480 1016 5548 anius
1093 5474 1228 5544 riurein
1266 5474 1415 5563 congerit,
1464 5478 1537 5544 nna
1688 5552 1694 5567 ,
1856 5450 2083 5568 Observatum·

723 5563 833 5631 cinffi,
1616 5547 1741 5618 Habitat
1755 5548 1887 5619 inludia
1903 5571 2041 5641 utraque.

984 5684 1091 5761 unu
1102 5684 1270 5771 sacrm·
1571 5634 2386 5809 idtltltltttpltslirestit:·utilit}
2445 5794 2454 5811 ,

766 5804 900 5871 Arunda
913 5811 1011 5897 catyc.
1027 5786 1216 5887 nutritoris,
1238 5806 1311 5892 spic.
1323 5808 1418 5875 ternis
1432 5807 1532 5877 sedili·
1571 5808 1592 5871 s.
1618 5808 1745 5877 distiche
1765 5808 1891 5898 positos,
1915 5813 2035 5897 sessiles,
2057 5818 2217 5905 rigidulos,
2239 5820 2381 5909 lineares,

718 5887 791 5961 bis.
836 5891 868 5957 S.
884 5890 929 5964 N.
1565 5894 1691 5983 longos.
2228 5904 2340 5975 Liuia.

1991 6070 2386 6202 rumara
