6092 6950
810 875 817 892 ·
968 827 2010 955 ‚unisonatcus
2288 857 2349 926 ιι

830 1291 901 1410 A
1017 1283 1117 1403 M
1224 1291 1280 1404 n
1398 1292 1467 1404 A
1591 1290 1664 1404 P>
1774 1290 1842 1400 A
1964 1289 2036 1450 J
2156 1289 2230 1400 A.

991 1603 1441 1714 canton
1552 1604 2043 1715 PAPAYA.

1377 2065 1547 2158 Flo.
1611 2089 1676 2178 15·

697 2283 960 2526 PApa‘ja
985 2285 1070 2367 duae
1098 2288 1189 2396 sunt
1206 2286 1363 2398 species,
1394 2313 1473 2366 una
1500 2285 1760 2393 Amba-Paja,
1792 2285 1908 2364 altera
1927 2280 2229 2393 Papaja'maram.

886 2506 1118 2618 Amba-pa'ja
1145 2509 1243 2618 ling.
1275 2511 1407 2591 Bram.
1439 2507 1757 2616 Dadrll-Papa'ja,
1788 2506 1842 2585 est
1866 2475 1979 2584 arbor
2008 2503 2055 2582 ad
2097 2504 2346 2584 altitudinem

694 2633 864 2721 quatuor
880 2615 1095 2699 hominum
1111 2620 1318 2728 assurgens,
1347 2619 1545 2710 fruticosa,
1575 2619 1733 2698 nascens
1767 2619 1808 2694 in
1827 2614 2006 2694 arenofis.

750 2833 877 2917 Radix
900 2836 1052 2918 redisse
1070 2838 1294 2933 demittens,
1314 2840 1368 2917 est
1396 2867 1446 2917 ue
1473 2839 1660 2932 albicans,
1691 2836 1867 2922 constans
1888 2835 2032 2914 cortice
2053 2861 2097 2912 ac
2114 2861 2227 2913 carne
2241 2835 2342 2914 albi-

692 2961 821 3038 cante,
849 2942 1015 3027 homida
1041 2951 1081 3029 bc
1111 2927 1262 3059 pingui⁸
1277 2951 1356 3030 stne
1368 2869 1504 3058 ligno,
1536 2950 1673 3057 estque
1697 2949 1826 3028 odoris
1854 2945 1981 3038 fortis,
2012 2944 2129 3027 oleosr
2149 2948 2189 3025 δε
2208 2973 2341 3054 grave-

691 3054 848 3151 olentis,
879 3057 1019 3168 saporis
1038 3087 1203 3169 quoque
1224 3062 1382 3172 pinguis
1411 3064 1451 3140 &
1477 3061 1635 3170 ingrati.

746 3278 877 3388 Stitpr
890 3277 1056 3390 fimplex
1081 3283 1137 3363 est
1163 3283 1303 3392 pedem
1331 3281 1459 3377 crassa,
1490 3282 1622 3390 estque
1655 3282 1704 3361 ad
1734 3279 1904 3360 radicem
1936 3279 2043 3358 intus
2074 3278 2208 3368 solida,
2239 3279 2340 3356 albi-

689 3405 816 3481 cante,
845 3386 1074 3474 humida&
1102 3393 1242 3503 pingui
1274 3421 1388 3474 came
1420 3392 1579 3503 repleta,
1610 3391 1796 3503 superiori
1855 3407 1935 3466 arte
1969 3413 2060 3463 cava
2079 3411 2123 3462 ac
2153 3385 2341 3470 distinctis

688 3499 1014 3605 intersepimentis
1033 3505 1179 3579 carneis
1198 3500 1551 3607 pingui-humidis,
1582 3419 1902 3579 &albicantibus
1923 3495 2062 3589 clausa,
2084 3495 2342 3607 constantque

689 3608 835 3687 cortice
863 3608 993 3703 denso,
1024 3608 1142 3689 viridi
1170 3612 1210 3689 δι
1238 3606 1584 3719 pingui-humido,
1615 3610 1685 3717 qui
1711 3608 1921 3687 filamentis
1948 3607 2080 3686 minus
2109 3605 2267 3715 lignosrs
2286 3610 2341 3689 est
2373 3618 2376 3624 '

686 3733 904 3826 pertextus,
951 3747 995 3799 ac
1022 3721 1147 3817 intus,
1176 3720 1250 3799 ubi
1287 3746 1379 3799 cava
1414 3718 1469 3797 est
1496 3718 1622 3830 stirps,
1654 3717 1881 3798 membrana
1912 3718 2023 3797 tenui
2062 3718 2101 3797 bc
2147 3718 2365 3800 albicante

687 3828 859 3909 vestitus.

742 4050 851 4132 Folia
879 4052 1081 4134 cauliculis
1111 4054 1226 4148 cavis,
1258 4052 1532 4134 viridi-dilutis
1564 4057 1604 4134 dc
1637 4052 1912 4144 albicantibus,
1943 4078 1987 4131 ac
2031 4052 2137 4130 intus
2177 4078 2336 4161 quoque

685 4160 1039 4269 pingui-humidis,
1069 4166 1139 4272 qui
1166 4166 1271 4245 duos
1291 4164 1414 4246 ferme
1441 4165 1557 4275 pedes
1586 4164 1695 4273 longi
1728 4162 1830 4254 sunt,
1861 4189 1904 4239 ac
1934 4162 1982 4240 ad
2001 4160 2125 4270 stirpis
2154 4163 2337 4245 interiora

685 4270 999 4381 intersepimenta
1031 4294 1260 4385 erumpunt,
1292 4277 1331 4355 bc
1364 4275 1412 4354 ad
1441 4275 1635 4383 originem
1662 4272 1782 4381 paulb
1801 4271 1992 4351 craffiores
2018 4271 2120 4363 sunt,
2151 4273 2333 4368 infident,

685 4378 852 4488 suntque
877 4382 1068 4477 laciniata,
1097 4386 1215 4465 incisa
1241 4388 1284 4465 in
1301 4386 1448 4493 septem
1473 4384 1630 4465 lacinias
1659 4384 1723 4463 seu
1741 4382 1850 4475 folia,
1880 4408 1968 4490 quae
1984 4380 2133 4491 fingula
2162 4380 2339 4465 anteriirs.

683 4490 882 4599 cuspidata
908 4493 1016 4584 sunt,
1040 4522 1084 4574 ac
1111 4495 1335 4604 cuspidibus
1361 4495 1581 4575 lateralibus
1600 4496 1775 4574 eminent
1800 4510 2029 4573 contextura
2058 4494 2205 4587 tenuia,
2223 4493 2330 4573 mol-

523 4651 529 4661 .
683 4599 738 4679 lia
764 4600 937 4697 eclesia,
966 4604 1101 4685 viroris
1120 4607 1163 4684 in
1184 4605 1335 4685 adversa
1351 4605 1465 4698 fusci,
1494 4608 1538 4684 in
1567 4610 1668 4685 testa
1685 4604 1923 4685 communis.

709 4926 714 4935 ,
739 4822 805 4902 Ex
831 4824 980 4932 petiolo
1004 4825 1151 4936 septem
1171 4825 1284 4936 Costa
1314 4829 1479 4934 majores
1509 4828 1549 4907 bc
1568 4824 1838 4906 viridi-diluta>
1862 4824 1909 4903 ad
1933 4842 2127 4904 extremos
2152 4824 2327 4934 cuspides

685 4932 872 5041 cujusque
889 4935 976 5016 solii
989 4958 1215 5033 excurrunt,
1246 4966 1333 5048 quae
1351 4936 1446 5019 huic
1465 4936 1557 5017 inde
1576 4936 1739 5017 costulas
1760 4935 1980 5017 transversas
2000 4933 2243 5016 diffundunt.

738 5125 923 5237 Caeliculi
935 5157 1028 5235 novi
1052 5154 1074 5235 ὲ
1094 5158 1316 5238 summitate
1337 5158 1507 5239 caucsrcis
1527 5156 1675 5269 semper
1697 5176 1924 5269 erumpunt,
1947 5124 2233 5249 vetustioribus
2254 5158 2325 5265 qui

670 5262 725 5343 in
743 5262 918 5345 inferiori
942 5283 1049 5377 parte
1083 5268 1208 5379 stirpis
1233 5269 1336 5365 sunt,
1367 5268 1555 5365 deciduis,
1585 5297 1629 5351 ac
1657 5288 1766 5350 notas
1785 5270 1995 5351 albicantes
2014 5270 2057 5348 in
2079 5270 2162 5377 ejus
2179 5269 2325 5347 cortice

681 5372 795 5455 viridi
819 5377 1143 5489 reIInquentibus.
1253 5371 1259 5385 ’

736 5599 863 5680 Floras
885 5599 928 5678 in
956 5599 1111 5710 petiolis
1147 5599 1404 5696 tenuioribus,
1436 5601 1627 5696 rotundis,
1657 5620 1732 5683 tres
1771 5600 1980 5713 spithamas
2012 5598 2154 5709 longis,
2184 5595 2319 5676 viridi·

680 5704 831 5802 dilutis,
861 5710 931 5816 qui
954 5712 1061 5791 intus
1087 5712 1246 5794 corculo
1279 5711 1368 5795 sunt
1395 5713 1500 5811 albo,
1521 5714 1627 5794 acin
1658 5715 1789 5795 medio
1813 5715 1957 5794 tubulo
1984 5712 2139 5823 pertusi,
2157 5708 2321 5817 pingui-

680 5810 850 5944 humidi,
879 5848 924 5903 ac
943 5821 1056 5935 supra
1068 5850 1118 5909 ex
1141 5825 1291 5939 origine
1315 5825 1490 5910 caulium
1508 5824 1652 5938 quibus
1671 5826 1768 5913 folia
1793 5826 1960 5909 insident
1977 5824 2169 5913 oriuntur,
2188 5818 2319 5946 plures

2056 5948 2322 6043 congregatam
