6092 6950
981 905 1936 1009 unnnnnarcus
2216 925 2284 1026 75

728 1243 780 1360 e
947 1243 1014 1360 u
1174 1242 1271 1362 M
1426 1243 1481 1358 a
1634 1207 1737 1422 [rs
1885 1239 1944 1356 n
2101 1237 2234 1350 u..

885 1452 1424 1566 nreuoum
1505 1451 2025 1618 CATALPA.

1312 1716 1480 1798 FIG.
1540 1745 1610 1822 41.

623 1901 627 1910 ’
748 1903 902 1990 Umbulu
919 1908 1018 2017 ling.
1041 1909 1278 1988 Bramanum
1300 1905 1520 2000 Bdn-Vari,
1550 1906 1604 1984 est
1625 1903 1738 1984 arbor
1763 1932 1920 2013 procera
1941 1911 2058 1988 ramis
2085 1935 2133 1989 ex
2149 1905 2281 1986 medio

615 2113 618 2122 ι
744 2021 924 2106 ¹caudice
959 2021 1000 2098 in
1039 2016 1177 2110 altitm,
1209 2015 1340 2098 minias
1366 2019 1459 2100 verb
1500 2020 1542 2097 in
1582 2017 1708 2097 latum
1733 2014 1896 2110 diffusrs,
1927 2019 2084 2098 nascens
2122 2020 2165 2097 in
2195 2043 2279 2096 are·

767 2131 880 2212 nofis.

689 2273 812 2354 Radix
831 2271 1023 2351 albicante
1057 2274 1096 2351 δι
1128 2271 1248 2352 crasso
1284 2301 1327 2352 ac
1368 2273 1482 2353 molli
1510 2274 1669 2366 cortice,
1704 2271 1774 2380 qui
1811 2269 2033 2351 subamarus
2070 2271 2138 2363 est,
2168 2271 2279 2381 ligno

633 2380 838 2478 albicante,
870 2381 985 2461 fibras
1005 2380 1141 2491 longas
1160 2385 1357 2466 emittens.

690 2523 838 2604 Caudex
882 2519 1034 2600 ambitu
1063 2520 1313 2630 amplexum
1335 2524 1451 2602 unius
1491 2519 1899 2611 hominisexcedens,
1942 2521 2098 2599 vestitus
2132 2525 2285 2603 cortice

633 2634 805 2713 craffiolo
823 2635 863 2712 bc
883 2631 1010 2722 molli,
1041 2632 1112 2739 qui
1131 2627 1297 2712 exterius
1324 2634 1450 2714 crusta
1464 2633 1660 2713 albicante
1676 2632 1875 2710 obductus
1896 2631 1950 2710 est
1965 2635 2005 2710 bc
2023 2631 2093 2710 sub
2113 2660 2156 2711 ea
2175 2663 2277 2714 non·

631 2742 740 2823 nihil·
758 2743 904 2834 viridis,
935 2743 1042 2820 intus
1062 2741 1234 2820 albicans
1254 2746 1415 2824 odorem
1442 2745 1559 2824 calcis
1580 2743 1770 2824 aemulum
1791 2741 1972 2821 fundens.

688 2884 802 2965 Remi
831 2883 870 2960 be
912 2877 1056 2959 surculi
1094 2880 1237 2959 cinerei
1277 2905 1322 2958 ac
1357 2877 1511 2960 nodulis
1546 2876 1641 2959 hinc
1677 2878 1769 2956 inde
1797 2878 2040 2972 interstindli,
2072 2884 2277 2964 teneriores

631 2996 784 3076 virides.
2020 2999 2029 3006 “

687 3135 806 3226 ΡοΙία,
836 3159 923 3241 quae
954 3131 1097 3241 longis,
1127 3131 1318 3224 rotundis,
1339 3129 1535 3224 craffiolis,
1555 3131 1763 3249 languidis,
1791 3129 1980 3240 viridibus
1999 3131 2153 3239 petiolis
2186 3133 2277 3216 bina

633 3241 782 3328 &bina
809 3244 849 3324 in
879 3241 1035 3323 nodulis
1056 3244 1289 3351 proveniunt
1308 3271 1352 3322 ac
1375 3242 1412 3322 se
1438 3263 1579 3323 mutuo
1601 3236 1736 3329 ordine
1756 3237 1965 3336 decuffant,
1983 3242 2152 3350 oblonga
2172 3245 2274 3336 sunt,

616 3357 674 3436 *in
691 3355 938 3465 longitudine
968 3380 1087 3434 unam
1115 3350 1346 3460 spithamam
1363 3347 1415 3455 ,δι’
1433 3353 1530 3434 duos
1551 3353 1669 3447 tresve
1684 3350 1862 3462 pollices,
1890 3353 1941 3460 in¹
1951 3352 2158 3432 latitudine
2176 3355 2274 3435 duos

620 3461 783 3578 'palmos
804 3463 1077 3574 aequantia,‘ad
1092 3463 1283 3572 petiolum
1309 3458 1492 3562 maxima*
1506 3461 1727 3555 latitudine,
1748 3460 1841 3571 clun
1866 3461 2018 3541 minora
2036 3461 2125 3544 sunt
2139 3462 2275 3546 formae

621 3572 868 3659 'rotundioris
894 3578 934 3655 be
954 3570 1085 3653 minirs
1105 3573 1297 3683 oblongae,
1329 3574 1515 3655 anteriora
1542 3574 1669 3653 versus
1693 3573 1829 3654 senfim
1848 3577 2043 3657 contracta
2067 3576 2107 3655 ὅσ
2123 3576 2165 3654 in
2184 3577 2272 3656 cus-

621 3682 626 3693 ’
632 3691 767 3800 pidem
795 3684 1007 3793 oblongam
1034 3683 1256 3779 desmentia,
1286 3683 1452 3792 suntque
1475 3683 1695 3777 ,tomentosa
1724 3683 1911 3792 lanugine
1936 3684 2072 3778 oblita,
2102 3687 2274 3769 maxime

629 3804 674 3882 in
700 3798 850 3880 adversa
869 3800 909 3875 be
927 3795 1041 3887 lenia,
1072 3795 1206 3873 viroris
1225 3796 1266 3873 in
1288 3798 1390 3875 reela
1409 3792 1517 3875 valde
1536 3796 1634 3875 fusci
1653 3797 1691 3874 δι
1708 3789 1847 3907 parurn
1867 3796 2041 3889 nitentia,
2062 3799 2105 3877 in
2125 3799 2275 3881 adversa

632 3912 725 3992 clari
739 3938 783 3989 ac
809 3906 939 4000 diluti,
969 3906 1097 3984 odoris
1118 3905 1187 3985 nifi
1207 3905 1405 4012 sylvestris,
1427 3906 1567 4017 saporis
1583 3908 1715 3985 amari.

687 4054 752 4131 Ex
767 4048 868 4129 costa
887 4048 1029 4141 media,
1059 4074 1145 4155 quae
1166 4046 1278 4155 Costae
1296 4066 1506 4127 excurrunt
1526 4050 1566 4129 in
1593 4050 1744 4130 adversa
1761 4068 1867 4158 pute
1879 4054 1922 4129 bc
1941 4047 2068 4129 solirm
2083 4055 2276 4146 eminent,

632 4160 718 4241 aci
747 4159 922 4268 margine
952 4157 1100 4237 reflexae
1121 4158 1283 4237 arcuatis
1310 4158 1492 4237 ductibus
1512 4161 1817 4268 multiplicibus,
1847 4160 1993 4268 quibus
2020 4164 2189 4245 minores
2209 4194 2271 4244 ar-

542 4353 545 4361 ,
632 4300 701 4351 cus
721 4272 847 4349 versus
867 4270 1084 4377 marginem
1110 4267 1372 4375 superindudti
1401 4269 1504 4371 sunt,
1535 4270 1577 4347 in
1608 4270 1836 4348 seinvicem
1866 4270 2121 4367 deferuntur;
2151 4295 2278 4387 prope¹

632 4382 680 4461 ad
699 4380 892 4490 petiolum
922 4406 1081 4487 quoque
1112 4379 1295 4485 utrinque
1321 4405 1370 4457 ex
1401 4380 1503 4458 costa
1525 4380 1661 4459 media
1688 4380 1792 4459 costa
1820 4386 1902 4462 exit
1932 4410 2058 4462 ramos
2089 4405 2272 4492 quatuor,

631 4494 855 4602 quinqueve
875 4488 1037 4594 majores
1056 4488 1182 4567 versus
1206 4490 1421 4597 marginem
1440 4490 1657 4584 dimittens,
1687 4520 1731 4570 ac
1749 4494 1936 4572 arcuatim·
1967 4495 2008 4573 in
2041 4494 2078 4572 se
2103 4498 2273 4578 invicem

631 4603 868 4693 conducens,
889 4600 1063 4707 suntque
1083 4601 1185 4677 inter
1209 4600 1328 4677 costas
1349 4601 1532 4706 trudibus
1553 4601 1791 4709 subrectam
1816 4603 1903 4683 folii
1931 4622 2079 4713 partem
2098 4608 2272 4690 striantes

631 4742 674 4793 ac
695 4713 819 4792 nervis
840 4710 1051 4789 numerosis
1086 4709 1296 4788 transverfis
1325 4711 1685 4805 intercurrentibus,
1715 4716 1755 4792 bc
1778 4713 1904 4793 solum
1924 4716 1965 4793 in
1986 4715 2135 4795 adversa
2163 4738 2275 4828 parte

631 4820 912 4927 eminentibus,
942 4822 1011 4929 qui
1031 4820 1215 4899 tractibus
1238 4819 1313 4899 suis
1334 4824 1477 4901 rectam
1497 4850 1655 4930 quoque
1675 4840 1827 4933 partem
1846 4826 1993 4919 striant,
2013 4829 2221 4912 comitatae.

629 5014 632 5023 =
688 4967 814 5047 Florer
831 4966 871 5043 in
893 4963 1114 5042 summitate
1132 4960 1375 5042 surculorum
1394 4964 1523 5071 plures
1543 4967 1805 5075 congregatim
1827 4966 2051 5048 brevissimis
2065 4970 2271 5080 peduncu-

631 5075 680 5157 lis
698 5074 815 5185 pandi
833 5075 1080 5185 proveniunt,
1097 5073 1263 5179 suntque
1282 5072 1370 5152 flavi
1388 5074 1514 5154 forma
1524 5077 1640 5154 instar
1650 5078 1911 5177 cucullorum,
1924 5079 2074 5160 laciniis
2089 5082 2152 5161 seu
2166 5084 2272 5169 soliis

632 5186 808 5295 quinque
831 5184 1077 5276 rotundiolis,
1108 5181 1302 5276 craffiolis,
1330 5212 1500 5291 quorum
1528 5214 1654 5265 unum
1673 5188 1934 5295 majusculum
1953 5190 2007 5268 est
2035 5195 2075 5271 bc
2094 5193 2271 5286 latiusac

632 5298 779 5375 caeteris
810 5291 964 5403 longibs
997 5294 1255 5402 propendens
1286 5314 1453 5401 quatuor
1483 5297 1632 5405 reliqua
1651 5298 1777 5377 versus
1804 5301 2000 5379 exteriora
2021 5302 2159 5384 reflexa
2182 5308 2272 5391 sunt

561 5454 565 5461 ·
631 5406 754 5498 incifi,
777 5404 937 5515 superne
956 5404 1002 5483 ad
1020 5403 1115 5483 solia
1131 5402 1194 5481 seu
1214 5403 1370 5483 lacinias
1391 5406 1543 5485 latiores
1564 5405 1684 5515 quim
1703 5426 1809 5519 parte
1823 5408 2010 5505 inferiori,
2032 5414 2079 5492 ad
2098 5416 2274 5525 calycem

631 5534 748 5624 atque
768 5517 815 5595 ad
834 5534 983 5625 partem
997 5512 1084 5594 folii
1102 5514 1249 5593 latioris
1268 5517 1307 5594 δι
1326 5516 1512 5626 longioris
1533 5520 1656 5626 magis
1685 5521 1851 5629 protensr
1866 5524 1906 5601 δι
1925 5526 2180 5622 convexioris,
2201 5558 2272 5611 co-

631 5626 724 5705 loris
745 5624 905 5707 interibs
925 5624 1154 5719 flavo-clari,
1175 5627 1342 5706 exterius
1367 5628 1436 5707 ubi
1450 5630 1623 5709 tenuiter
1647 5630 1759 5739 pilosi
1781 5631 1884 5727 sunt,
1905 5633 2139 5732 flavo-fusci,
2155 5641 2273 5723 odore

631 5735 815 5817 nonnihil
831 5738 949 5816 debili
969 5740 1009 5817 bc
1029 5764 1108 5816 non
1128 5735 1359 5844 injucund0.

690 5872 855 5955 Stamina
873 5876 914 5955 in
940 5876 987 5956 iis
1007 5893 1174 5987 quatuor
1199 5874 1531 6071 flavo-albicqptia
1556 5906 1601 5963 ac
1628 5878 1809 5965 nonnihil
1828 5882 1970 5967 inflexa
1986 5886 2112 5972 versus
2130 5888 2286 5993 folium,

1492 6018 1516 6073 a
1732 6027 1734 6030 ·
2131 6005 2274 6105 majus,
