6092 6950
697 937 731 1032 4
1222 899 1844 1000 HORTUS

697 1133 886 1228 oleosum,
903 1134 972 1243 qui
988 1132 1160 1242 ingratus
1180 1132 1246 1227 est,
1268 1131 1412 1242 spirans
1427 1172 1441 1227 3
1473 1159 1545 1242 pro
1564 1129 1709 1212 diversa
1728 1133 1910 1215 medullae
1930 1131 2353 1218 confistenttaFrurtus

696 1249 811 1329 variis
841 1247 1068 1326 nominibus
1088 1245 1176 1325 sunt
1196 1245 1343 1337 donati,
1374 1242 1468 1324 clim
1496 1271 1539 1321 ea
1574 1263 1704 1323 tenera
1728 1246 1782 1324 est
1808 1247 1847 1326 dc
1873 1246 1961 1326 laeti
1981 1245 2115 1325 similis
2137 1273 2181 1324 ac
2200 1245 2349 1337 mollis,

698 1361 843 1439 dicitur
878 1357 1143 1437 Malabaribus
1179 1357 1372 1450 Corumba,
1404 1352 1497 1434 clun
1531 1356 1728 1465 completa
1756 1357 1810 1436 est
1844 1360 1883 1437 dr
1909 1385 1991 1436 non
2017 1357 2142 1466 magis
2172 1374 2349 1466 augetur,

699 1470 827 1563 Elanl,
860 1469 1053 1550 Lusitanis
1073 1467 1227 1561 La'nia3
1259 1463 1353 1546 clun
1386 1463 1569 1546 nonnihil
1601 1467 1696 1547 dura
1723 1465 1777 1546 est
1798 1469 1948 1548 Malab.
1983 1471 2094 1548 ut&
2129 1469 2349 1549 Lusitanis:

697 1584 902 1690 Maroga,
934 1576 1027 1659 clun
1061 1580 1156 1659 dura
1198 1578 1266 1671 est,
1305 1574 1444 1688 Tsnga,
1490 1579 1683 1660 Lusrtanis
1724 1578 1780 1660 Co'
1799 1611 1855 1674 uo,
1887 1575 1993 1684 ’clim
2030 1576 2159 1658 adhuc
2203 1579 2351 1674 durior,

699 1688 1028 1802 Baretta-Terga,
1059 1720 1102 1770 ac
1136 1687 1229 1770 cirm
1263 1689 1436 1769 maxime
1461 1689 1571 1784 dura,
1604 1689 1736 1772 Co'tta-
1774 1721 1879 1801 engo,
1902 1691 2096 1771 Lusitanis
2118 1689 2208 1773 Cdco
2238 1693 2351 1773 Sicco.

701 1803 821 1911 Qud
842 1805 889 1882 ad
909 1831 1065 1909 aquam,
1086 1831 1172 1910 quae
1192 1801 1246 1879 est
1259 1803 1362 1880 intra
1380 1803 1601 1893 cavitatem,
1620 1799 1703 1881 haec
1724 1804 1765 1881 in
1786 1801 1916 1884 frudtu
1936 1821 2070 1881 tenero
2094 1799 2232 1884 Carica
2251 1802 2355 1881 dieto

701 1917 756 2011 est
773 1916 950 2024 primum
966 1912 1262 2022 subastringens,
1284 1912 1447 1992 subsalsa
1466 1915 1505 1991 dc
1526 1911 1719 2008 subacida,
1750 1910 1881 1993 minbs
1898 1912 1988 1994 verb
2008 1913 2150 2006 dulcis,
2169 1914 2259 1993 dein
2275 1941 2356 2021 quo

700 2027 849 2107 fructus
884 2024 1067 2104 vetustior
1100 2025 1159 2117 fit,
1190 2027 1313 2133 magis
1351 2027 1390 2103 dr
1427 2024 1551 2134 magis
1586 2024 1837 2120 dulcescens3
1869 2025 1910 2105 in
1948 2023 2079 2106 fructu
2117 2026 2291 2118 vetust0,
2313 2044 2358 2104 ut

701 2131 1029 2246 Bare‘ttu-Tenga,
1059 2136 1173 2216 simul
1193 2136 1304 2214 valde
1332 2135 1459 2215 dulcis
1479 2140 1518 2216 dc
1546 2134 1648 2230 salsa,
1680 2155 1767 2216 ante
1788 2137 1970 2217 medullae
1990 2153 2226 2246 proventum
2255 2135 2359 2215 clara

701 2248 871 2330 &valde
900 2248 1067 2356 limpida
1098 2247 1152 2326 est
1180 2246 1297 2326 instar
1315 2275 1448 2354 aquae,
1479 2247 1653 2327 medulla
1683 2268 1814 2329 autem
1848 2249 2100 2358 proveniente
2121 2247 2275 2326 turbida
2295 2248 2360 2326 stru

562 2395 571 2408 ·
704 2362 837 2440 minus
859 2359 1081 2466 limpida&
1102 2358 1245 2467 pallide
1259 2358 1446 2452 albicans,
1476 2386 1525 2437 ex
1545 2357 1675 2439 frudlu
1691 2359 1844 2453 Caricrl,
1862 2362 1932 2469 qui
1952 2359 2064 2438 omni
2078 2359 2144 2438 sua
2162 2387 2261 2465 aqua
2274 2360 2360 2466 jam

704 2471 874 2581 repletus
909 2470 976 2563 est,
1007 2468 1110 2548 fadto
1139 2469 1301 2578 angusto
1331 2468 1570 2568 foraminulo
1600 2499 1669 2580 per
1694 2473 1926 2581 operculum
1961 2498 2103 2579 magna
2123 2471 2161 2550 vi
2180 2470 2361 2549 radiatim

703 2583 844 2675 exfilit,
866 2581 998 2661 minus
1030 2581 1122 2660 verb
1151 2610 1200 2660 ex
1225 2580 1370 2675 frusto,
1388 2583 1471 2690 *qui
1504 2581 1676 2662 medulla
1710 2585 1879 2693 repletus
1905 2583 1972 2677 est,
2005 2601 2050 2661 ut
2084 2582 2264 2662 Corumba
2296 2581 2361 2662 seu

706 2695 864 2786 Lenia,
894 2721 995 2800 aqua
1012 2693 1054 2772 in
1074 2693 1263 2804 Maninga
1290 2694 1331 2772 id
1351 2695 1556 2803 proprium
1576 2691 1708 2787 habet,
1740 2694 1847 2803 quod
1867 2712 1911 2774 ut
1935 2694 2080 2802 liquor,
2112 2692 2236 2772 didius
2258 2694 2361 2786 Suri,

706 2805 1007 2890 fermentatione
1026 2804 1074 2884 ad
1093 2804 1257 2884 oculum
1287 2804 1451 2885 notabili
1484 2805 1626 2898 cietur,
1657 2803 1750 2884 cirm
1781 2805 1954 2885 medulla
1983 2803 2153 2883 duraest
2171 2803 2213 2881 in
2233 2803 2364 2884 fructu

705 2917 889 2996 exsiccari
917 2916 1072 3024 incipit,
1102 2917 1145 2995 in
1183 2915 1305 2994 ollam
1338 2915 1465 2996 infusa
1487 2919 1527 2996 de
1560 2918 1637 2996 adri
1671 2919 1842 3027 exposrta
1861 2918 2035 3026 saporem
2066 2915 2224 2993 dulcem
2254 2915 2369 2996 illico

709 3028 858 3106 amittit
900 3028 939 3105 de
973 3026 1154 3106 subacida
1176 3027 1363 3121 redditur,
1394 3026 1513 3135 idque
1544 3055 1663 3137 ocyus
1694 3029 1721 3107 fi
1757 3043 1875 3108 vento
1913 3045 2129 3120 moveatur,
2161 3028 2240 3106 fine
2284 3027 2367 3106 ulla

708 3158 841 3220 tamen
866 3137 1180 3232 fermentatione,
1197 3140 1295 3246 quin
1316 3141 1356 3218 de
1370 3166 1470 3246 aqua
1483 3137 1632 3219 fruetus
1646 3141 1835 3250 Maninga
1846 3139 1926 3220 ‘hoc
1944 3139 2064 3219 modo
2080 3165 2243 3218 ornnem
2257 3137 2366 3218 suam

710 3251 1054 3330 fermentationem
1078 3249 1239 3330 amittit.
1300 3251 1420 3358 Qod
1439 3250 1486 3328 ad
1502 3253 1793 3360 operimentum
1813 3279 1955 3359 aquam
1975 3279 2019 3328 ac
2036 3249 2249 3330 medullam
2265 3278 2368 3330 con-¹

710 3364 854 3455 tinens,
885 3361 986 3440 illud
1005 3363 1181 3471 primum
1205 3380 1398 3456 tenerum,
1430 3362 1561 3470 estque
1590 3365 1631 3442 in
1661 3362 1791 3443 fructu
1823 3357 2150 3444 Corumbaadhuc
2178 3361 2367 3442 molle&

710 3472 955 3554 esculentum
980 3502 1024 3553 ac
1043 3472 1174 3583 sapore
1189 3475 1301 3554 nucis
1321 3475 1539 3583 juglandis,
1556 3475 1654 3554 illud
1669 3476 1776 3555 calce
1797 3475 1947 3554 illitum
1975 3474 2152 3584 primum
2183 3472 2366 3569 flavescit,

713 3585 806 3663 dein
835 3584 1082 3665 viridi-fusco
1120 3587 1250 3664 colore
1284 3587 1463 3694 tingitur,
1495 3586 1576 3693 qub
1610 3586 1794 3666 vetustior
1828 3586 1874 3667 fit
1913 3584 2062 3665 fructus
2107 3612 2152 3663 ac
2195 3586 2367 3665 medulla

713 3697 847 3775 durior
874 3697 992 3775 etiam
1010 3696 1135 3805 magis
1164 3695 1389 3790 indurescit,
1419 3724 1463 3775 ac
1491 3694 1586 3774 clun
1601 3698 1774 3773 maxima
1796 3696 1937 3773 duritie
1965 3696 2032 3788 est,
2050 3694 2207 3775 sectioni
2235 3699 2368 3777 minus

715 3807 907 3917 pervium,
937 3809 1069 3915 estque
1101 3809 1270 3885 exterius
1304 3806 1429 3885 tribus
1449 3805 1590 3886 suturis
1609 3804 1876 3884 eminentibus
1905 3806 1948 3884 in
1978 3806 2145 3915 longum
2174 3807 2367 3902 striatum,

715 3948 760 3997 ac
789 3920 830 3997 in
851 3938 957 4029 parte
975 3917 1152 3999 inferiori
1186 3920 1288 3995 inter
1320 3917 1466 3996 suturas
1497 3917 1620 3995 tribus
1653 3916 1777 3996 oculis
1806 3917 1940 3997 clausis
1961 3917 2166 4013 donatum,
2197 3946 2367 4027 quorum

717 4059 818 4110 unus
834 4030 948 4109 latior
973 4033 1012 4109 de
1046 4026 1177 4108 minirs
1215 4027 1333 4108 durus
1382 4028 1449 4121 est,
1480 4030 1581 4108 inter
1621 4027 1782 4123 suturas,
1814 4057 1900 4138 quae
1931 4029 2046 4131 latius
2074 4030 2227 4124 distant,
2258 4032 2366 4124 srtus,

718 4141 941 4222 aurificibus
961 4143 1013 4221 ob
1034 4140 1250 4220 ferventem
1275 4140 1491 4233 flammam,
1522 4168 1642 4246 quam
1668 4137 1841 4233 exhibet,
1873 4143 1914 4219 in
1944 4140 2026 4221 usu.
2090 4145 2237 4221 Cortex
2255 4162 2367 4221 exte-

719 4254 797 4331 rior
812 4243 1101 4361 operimentum
1120 4253 1319 4331 obducens
1348 4252 1389 4330 in
1415 4252 1595 4329 exteriori
1611 4250 1810 4361 superficie
1837 4252 2013 4362 primum
2039 4252 2093 4331 est
2117 4250 2303 4348 albicant,
2325 4272 2370 4333 ut
2504 4338 2510 4349 ,

720 4366 760 4443 in
781 4362 972 4443 fructibus
999 4364 1047 4442 de
1062 4406 1065 4409 -
1082 4362 1283 4473 Coquinhos
1310 4391 1403 4443 cum
1435 4363 1633 4441 tenerrimi
1663 4363 1764 4456 sunt,
1795 4362 1886 4443 dein
1923 4363 2167 4457 viridescens,
2202 4392 2246 4443 ac
2275 4394 2370 4444 cum

721 4476 859 4583 majori
887 4494 996 4554 aetate
1014 4502 1064 4553 ex
1092 4475 1204 4553 viridi
1224 4474 1442 4568 flavescens,
1463 4502 1557 4554 cum
1585 4492 1715 4553 autem
1735 4472 1883 4554 fruetus
1903 4475 2086 4555 vetustior
2103 4476 2158 4555 est
2183 4504 2227 4555 ac
2246 4478 2369 4555 exfic-

721 4589 800 4667 cari
825 4588 981 4694 incipit,
1010 4586 1143 4693 estque
1163 4586 1320 4665 tandem
1339 4587 1459 4682 siccus
1474 4584 1796 4678 cinereo-fuscor,
1813 4589 1852 4665 ἃ
1867 4588 2042 4695 primum
2058 4587 2219 4693 quidem
2238 4588 2369 4667 mollis

722 4726 765 4777 ac
795 4699 921 4782 tenuis
948 4698 1016 4791 est,
1046 4698 1135 4776 dein
1155 4697 1331 4777 constans
1361 4698 1465 4776 intus
1491 4726 1605 4776 carne
1624 4697 1752 4791 densa,
1783 4697 2033 4777 albicante&
2052 4698 2180 4791 molli,
2209 4726 2297 4805 quae
2327 4700 2369 4778 in

722 4811 850 4891 Lania
871 4826 1000 4887 tenera
1017 4806 1145 4887 adhuc
1165 4809 1295 4887 mollis
1324 4811 1364 4888 de
1384 4808 1542 4888 settioni
1571 4807 1685 4888 facile
1713 4808 1844 4917 pervia
1872 4806 1940 4901 est,
1967 4834 2011 4887 ac
2028 4810 2132 4888 calce
2152 4809 2252 4887 illita
2271 4806 2374 4889 flavo

723 4920 854 4999 colore
874 4921 1053 5029 tingitur,
1083 4919 1169 5029 post
1187 4926 1311 5029 magis
1327 4923 1367 4999 tr
1382 4920 1506 5028 magis
1521 4919 1767 4999 indurescens
1784 4920 1888 4999 intus
1904 4920 1946 4997 in
1966 4946 2080 5002 carne
2094 4920 2275 5028 plurimis
2290 4920 2369 5029 ligr-

724 5033 823 5112 nosrs
839 5060 883 5111 ac
898 5031 1042 5140 stupeis
1056 5030 1264 5112 filamentis
1283 5032 1330 5112 ad
1351 5029 1550 5111 funiculos
1571 5030 1835 5111 conficiendos
1855 5030 2005 5113 idoneis
2023 5058 2108 5139 quae
2127 5032 2374 5141 operimento

726 5143 876 5251 lignoso
906 5144 1074 5222 exterius
1100 5142 1201 5222 arcte
1229 5141 1439 5236 adhaerent,
1464 5142 1518 5221 est
1539 5145 1784 5221 intertextus.
1847 5142 1967 5249 Qod
1987 5141 2034 5221 ad
2053 5142 2222 5223 sormam
2241 5162 2371 5221 exter-

726 5282 833 5347 nam,
862 5251 905 5331 hi
925 5253 1072 5334 fruetus
1092 5251 1185 5333 cirm
1208 5254 1421 5347 tenerrimi,
1442 5255 1601 5334 rotundi
1621 5253 1722 5346 sunt,
1753 5280 1846 5333 cum
1866 5256 2004 5363 majori
2034 5273 2143 5333 aetate
2164 5254 2371 5365 ¹oblongo-

726 5366 884 5445 rotundi
903 5394 949 5445 ac
969 5364 1092 5445 tribus
1112 5366 1265 5480 angulis
1294 5367 1438 5444 obtusis
1456 5366 1504 5444 ad
1523 5385 1649 5475 partes
1661 5363 1878 5445 suturarum
1896 5366 2128 5458 emicantes,
2136 5364 2229 5444 cirm
2243 5364 2373 5444 vetus-

727 5479 842 5555 tiores
869 5476 957 5555 sunt
972 5478 1104 5556 minus
1126 5478 1304 5586 oblongi,
1334 5505 1378 5555 ac
1407 5473 1501 5555 cirrn
1519 5476 1760 5564 vetustiffirni
1778 5478 1879 5569 sunt,
1898 5476 2020 5583 figura
2037 5477 2160 5584 magis
2180 5480 2374 5556 contram

728 5586 848 5695 quim
868 5590 1018 5681 Lania3
1050 5590 1091 5666 in
1111 5616 1225 5668 cocos
1241 5588 1396 5667 vetustis
1412 5588 1459 5666 ad
1474 5606 1625 5697 partem
1639 5616 1775 5667 eorum
1794 5586 2019 5667 inferiorem
2039 5588 2140 5667 intra
2158 5587 2374 5668 medullam

728 5698 865 5779 duram
893 5701 1030 5779 oculus
1045 5699 1433 5807 oblongo-rotundus
1453 5702 1637 5793 albicans,
1659 5701 1728 5806 qui
1743 5700 1870 5807 postea
1885 5700 2063 5793 flavescit,
2081 5699 2117 5777 se
2136 5698 2280 5806 prodit,
2297 5698 2376 5777 est.-

728 5838 806 5917 que
825 5830 1001 5891 tenerum
1021 5839 1182 5919 germen
1203 5810 1351 5888 sruclus
1371 5813 1442 5917 qui
1467 5840 1513 5890 eo
1533 5830 1640 5889 terrae
1674 5810 1858 5889 mandato
1890 5836 1939 5889 ex
1969 5804 2155 5920 superiori
2179 5829 2287 5921 parte
2306 5837 2375 5919 per

728 5922 889 6007 oculum
909 5924 1144 6033 operimenti
1163 5922 1295 6006 minus
1321 5921 1465 6009 durum
1493 5923 1558 6005 seu
1588 5922 1701 6014 latius
1733 5922 1932 6008 surculum
1961 5923 2163 6007 novellum
2186 5922 2372 6013 extrudit,

2250 6048 2384 6155 gtque.
