6092 6950
993 828 1949 937 untasnnreus
2222 860 2289 968 73

735 1200 2201 1404 narrassent

879 1513 1999 1637 rsusonrn'sprnosa.

1263 1894 1475 2020 ¹Fl‘G.
1536 1929 1605 2004 40,

795 2091 1030 2204 Ais-Arffchi
1050 2092 1104 2171 est
1142 2091 1254 2171 arbor
1286 2091 1492 2172 altitudine
1526 2091 1647 2169 trium
1679 2087 1905 2179 hominum,
1936 2091 2051 2168 ramis
2089 2090 2211 2170 dcnfis
2243 2091 2287 2171 bc

635 2103 794 2345 M
824 2207 953 2314 opacis
975 2198 1051 2281 late
1071 2201 1217 2311 sparsis,
1245 2203 1403 2283 nascens
1422 2204 1464 2281 in
1492 2201 1669 2293 arenosis,
1699 2201 1802 2279 dieta
1818 2198 1953 2308 lingua
1972 2201 2102 2281 Bram.
2133 2198 2254 2310 Mety.

685 2425 811 2510 Radix
837 2425 953 2506 crassa
971 2427 1010 2504 be
1029 2419 1224 2534 profunde
1251 2423 1288 2503 se
1307 2423 1531 2518 demittens,
1560 2423 1678 2503 fibras
1696 2420 1793 2502 binc
1812 2420 1902 2501 inde
1919 2421 2121 2502 dimittens
2140 2425 2285 2504 cortice

625 2537 782 2618 cinereo
807 2538 871 2618 seu
910 2535 1120 2630 albicante,
1159 2537 1229 2644 qui
1272 2532 1342 2615 sub
1380 2537 1567 2616 -exteriori
1604 2535 1779 2616 cuticula
1813 2532 2002 2626 rubescit,
2039 2537 2146 2614 intus
2179 2532 2283 2617 albi-

626 2673 721 2730 cans
746 2649 813 2729 est.

684 2874 804 2983 Stipes
832 2870 983 2950 ambitu
1016 2869 1133 2980 paulo
1165 2870 1296 2950 minus
1321 2869 1551 2979 amplexum
1582 2870 1698 2950 unius
1731 2868 1907 2949 hominis
1933 2868 2119 2978 implens,
2149 2867 2282 2980 estque
2360 2867 2364 2874 ’

626 3009 723 3062 cum
744 2983 860 3062 ramis
891 2981 1035 3061 cortice
1063 2982 1231 3073 cinereo,
1247 2979 1357 3090 ligno
1383 2980 1482 3062 duro
1512 2984 1552 3063 δι
1578 2980 1785 3076 albicante,
1805 2981 1913 3061 intus
1929 2999 2064 3062 cortex
2082 3005 2282 3062 ramorum

623 3091 759 3175 mirrias
782 3093 1034 3175 vetustiorum
1063 3092 1133 3172 sub
1163 3093 1315 3172 cinerea
1332 3092 1522 3174 corticula
1542 3092 1750 3174 viridescit.

680 3318 790 3400 Folia
807 3303 967 3398 surculis
997 3315 1195 3408 tenuibus,
1225 3315 1423 3410 brevibus,
1453 3319 1522 3425 qui
1555 3318 1675 3395 ctiam
1708 3314 1807 3406 bini,
1839 3313 1953 3405 terni,
1979 3313 2162 3422 quaterni
2180 3338 2283 3390 con-

623 3429 816 3538 gregatim
843 3429 958 3507 ramis
977 3425 1218 3507 crassioribus
1244 3445 1469 3535 erumpunt,
1500 3427 1593 3507 bina
1619 3431 1659 3507 bc
1685 3425 1779 3504 bina
1810 3424 1872 3502 vel
1899 3420 2065 3503 solitaria
2097 3423 2278 3533 proveni-

626 3558 714 3633 unt,
744 3540 851 3648 iique
869 3538 1097 3617 brevissimis
1115 3537 1346 3645 pedunculis
1366 3538 1546 3631 insident,
1575 3538 1744 3645 suntque
1760 3563 1888 3645 parva,
1918 3534 2280 3643 oblongo-rotunda

620 3652 664 3731 bc
681 3650 853 3758 angusta,
883 3640 1050 3728 antc'rilrs
1080 3648 1290 3759 cuspidata,
1320 3646 1386 3727 seu
1411 3650 1530 3729 etiam
1561 3647 1797 3742 rotundiola,
1826 3647 1873 3726 ad
1910 3646 2104 3755 petiolum
2136 3643 2278 3739 striata,

475 3852 479 3863 ,
624 3780 853 3841 contextura
871 3762 1015 3853 tenuia,
1045 3756 1245 3869 superficie
1262 3758 1377 3869 plana
1388 3764 1435 3841 ἀ
1453 3761 1600 3871 glabra,
1630 3759 1767 3843 viroris
1791 3760 2017 3841 communis
2035 3757 2075 3839 be
2094 3752 2279 3839 nonnihil

625 3872 800 3966 nitentis,
830 3873 971 3983 saporis
997 3871 1199 3951 subamari.

681 4095 746 4173 Ex
764 4093 866 4174 costa
884 4092 1012 4175 media
1031 4094 1181 4203 quulae
1199 4094 1317 4173 etiam
1334 4092 1377 4173 in
1403 4098 1504 4174 resta
1529 4092 1712 4175 nonnihil
1737 4095 1966 4185 eminentes,
1982 4119 2069 4201 quae
2087 4092 2278 4172 arcuatim
2300 4126 2305 4141 ·
2339 4178 2343 4184 ,
2370 4144 2375 4151 ·

623 4204 666 4285 in
695 4206 920 4285 seinvicem
949 4206 1171 4297 incurrunt,
1200 4224 1345 4287 exeunt
1363 4207 1470 4286 venis
1493 4204 1616 4285 nullis
1640 4206 1856 4316 conspicuis
1882 4204 2113 4297 intertexta,
2144 4202 2277 4317 sapore
2377 4242 2382 4251 ·

626 4314 888 4397 subamaro&
911 4316 1030 4397 odore
1049 4315 1174 4396 nullo.
2168 4359 2172 4367 ’

678 4541 806 4621 Floret
831 4539 1064 4647 proveniunt
1083 4540 1124 4617 in
1159 4534 1379 4619 summitate
1411 4538 1657 4620 surculorum
1685 4538 1938 4620 foliaceorum
1971 4539 2013 4617 in
2041 4538 2182 4646 parvis,
2215 4555 2279 4617 te·

625 4650 786 4743 nuibus,
816 4650 943 4729 rubris
990 4648 1146 4757 petiolis
1185 4650 1313 4758 plures
1358 4652 1624 4759 congregatim
1657 4677 1700 4728 ac
1738 4652 1976 4745 racematim,
2017 4648 2105 4728 sunt
2142 4665 2275 4727 autem

624 4762 748 4867 parvi,
778 4760 906 4841 odoris
944 4757 1049 4838 haud
1093 4759 1313 4867 injucundi,
1343 4756 1545 4853 hortensis,
1576 4780 1743 4868 quatuor
1778 4760 1964 4842 foliorum
1996 4787 2044 4839 ex
2083 4758 2276 4839 albicante

627 4868 904 4964 subflavorum,
935 4870 1204 4978 crispatorum,
1235 4869 1438 4951 latiusculo
1470 4871 1673 4953 intervallo
1705 4871 1728 4953 ὲ
1769 4873 2002 4953 seinvicem
2032 4870 2291 4965 distantium,

621 5008 707 5087 quae
728 4981 857 5090 postea
884 4981 1007 5089 magis
1032 4976 1252 5060 flauescunt.

677 5203 845 5283 Stamina
865 5202 906 5281 in
938 5204 985 5280 iis
1020 5204 1108 5281 osio
1140 5202 1346 5283 albicantia
1374 5204 1550 5313 apicibus
1576 5206 1855 5314 grandiusculis
1876 5207 1916 5284 bc
1935 5204 2111 5285 subflavis
2130 5204 2272 5297 dotata,

482 5366 487 5381 «
623 5340 709 5420 quae
736 5312 827 5393 bina
846 5316 885 5393 δι
906 5312 998 5395 bina
1016 5340 1064 5391 ex
1079 5312 1266 5393 soliorum
1284 5316 1493 5395 intervallis
1513 5320 1683 5397 emicant
1700 5355 1713 5412 3
1742 5319 1784 5397 in
1805 5318 1935 5397 medio
1959 5316 1995 5395 se
2026 5316 2157 5426 prodit
2182 5314 2272 5423 glo·

618 5422 737 5613 llpulus
758 5424 1042 5551 viridi-dilutus
1071 5426 1111 5505 δι
1131 5425 1322 5519 rotundis,
1354 5428 1422 5535 qui
1450 5428 1713 5537 primordium
1737 5429 1792 5511 est
1809 5427 1956 5510 fruetus
1976 5454 2069 5509 cum
2098 5425 2195 5533 stylo
2213 5424 2272 5504 al·

646 5552 832 5615 rcante·rn
851 5553 1006 5617 vertice.

675 5757 791 5867 Calyx
822 5776 988 5867 quatuor
1012 5759 1200 5843 foliorum
1224 5761 1514 5873 cuspidatorum
1536 5766 1577 5845 δι
1595 5764 1796 5847 viridium.

672 5948 801 6029 Tou.
820 5948 854 6030 1.
1434 5956 1470 6033 L
