6092 6950
979 801 1938 961 Mnnnnnnrcus
2217 886 2406 987 rw.

612 1073 739 1156 versus
765 1069 949 1154 inferiora
968 1073 1129 1155 detrufis
1150 1045 1186 1156 ie
1207 1063 1260 1154 'ab
1288 1077 1336 1158 iia
1353 1077 1548 1163 resolvunt
1567 1107 1611 1158 ac
1637 1076 1823 1186 separant,
1855 1077 2047 1188 superiora
2064 1101 2141 1186 pra
2159 1049 2316 1160 levitate

436 1201 441 1206 “
612 1205 815 1298 petentes,
846 1186 900 1266 est
927 1205 1059 1266 autem
1086 1185 1314 1296 Camphora
1332 1185 1416 1269 haee
1432 1188 1607 1270 maxime
1636 1190 1863 1299 diffipahilis
1882 1191 2138 1270 &flammam
2157 1185 2315 1265 celerri-

612 1295 678 1384 mi:
699 1299 927 1408 coneipie'ns
948 1326 992 1378 π
1010 1298 1164 1378 atillam
1183 1299 1321 1380 facem
1340 1301 1426 1410 poll
1445 1301 1714 1414 flagrationem
1733 1302 1983 1409 relinquens,
2012 1301 2062 1380 de
2083 1299 2187 1377 Oleo
2206 1296 2316 1407 quod

611 1439 708 1492 cum
727 1406 804 1490 hoc
830 1409 918 1490 Sale
933 1410 1129 1490 attollitur
1146 1406 1230 1490 hac
1250 1413 1418 1494 uotarsda
1444 1431 1674 1507 occurrunt,
1704 1414 1880 1525 primum
1909 1413 2017 1522 quod
2046 1413 2088 1491 in
2122 1408 2239 1489 odore
2270 1429 2315 1489 se

611 1522 743 1632 sapore
760 1519 1032 1630 Camphoram
1052 1521 1227 1604 maxime
1248 1523 1468 1618 aemuletur,
1498 1544 1617 1634 atque
1649 1525 1745 1604 adeo
1777 1523 1893 1606 facile
1927 1523 2152 1633 diffipabilis
2179 1520 2238 1614 lit,
2271 1538 2316 1604 ut

610 1633 706 1713 licet
719 1635 763 1712 in
783 1661 932 1744 pannos
952 1633 1100 1714 ineidat
1125 1635 1254 1714 colore
1272 1635 1405 1744 aliquo
1426 1638 1582 1732 tinetas,
1605 1637 1713 1716 nulla
1732 1637 1865 1715 relicta
1881 1637 2036 1718 macula
2050 1631 2251 1714 evanescat
2269 1657 2315 1710 ac

609 1745 810 1838 difflsstmt
842 1745 1175 1856 prompriffimum
1195 1775 1355 1854 quoque
1368 1748 1428 1827 est
1438 1749 1580 1858 utipfa
1599 1745 1826 1857 Camphora
1843 1749 1884 1826 in
1900 1745 2058 1826 flamma
2081 1743 2313 1852 concipien-

613 1859 661 1940 da
694 1860 736 1938 in
763 1883 811 1936 eo
843 1858 1023 1966 spiritum
1054 1857 1137 1936 vini
1165 1857 1213 1936 ab
1248 1859 1383 1966 aqueis
1413 1860 1614 1968 particulis
1629 1861 1866 1970 depuratum
1890 1858 2073 1950 referens,
2104 1873 2314 1962 totumque

611 1971 719 2050 breti
745 1988 923 2078 tempore
957 1969 1047 2078 igne
1086 1969 1314 2078 depascitur,
1342 1971 1488 2078 datque
1521 1971 1721 2050 flammam
1751 1971 1995 2049 albicantem'
2013 1972 2053 2048 dt
2085 1965 2313 2058 coeruleam,

612 2085 724 2191 super
743 2082 833 2189 igue
852 2081 1020 2188 meltum
1049 2079 1339 2166 &calefactum
1363 2083 1485 2161 etiam
1514 2085 1600 2162 cito
1617 2083 1875 2174 consumitur,
1905 2081 2064 2188 aliitque
2092 2076 2315 2158 insumunt

611 2195 865 2284 albioentom,
896 2192 966 2298 qui
998 2191 1090 2300 igne
1115 2192 1276 2270 admoto
1295 2193 1493 2274 dammare
1517 2191 1804 2304 pmmptillime
1824 2193 2025 2301 concipit,
2056 2191 2104 2270 de
2132 2217 2179 2268 eo
2210 2217 2313 2296 quo-

610 2332 694 2404 que
712 2322 917 2413 expertum
937 2301 1004 2394 est,
1035 2303 1062 2380 li
1089 2303 1256 2382 linteum
1276 2331 1369 2382 curn
1390 2331 1436 2382 eo
1466 2306 1729 2385 madefattum
1754 2306 1998 2397 incendatur,
2026 2331 2074 2381 eo
2093 2319 2316 2382 remanente

615 2417 732 2495 illaeso
752 2417 841 2524 igne
863 2415 1050 2521 plurimas
1070 2417 1154 2520 ejus
1184 2433 1308 2522 partes
1325 2415 1493 2523 depasci,
1525 2419 1583 2495 uti
1601 2435 1722 2528 patet,
1753 2418 1780 2495 sr
1811 2417 1913 2524 ignis
1928 2417 2014 2522 jam
2030 2430 2245 2521 conceptus
2262 2437 2315 2488 err

613 2526 830 2606 sufflatione
850 2526 958 2603 illico
978 2522 1199 2617 suffocetur,
1227 2527 1331 2634 quin
1348 2528 1388 2605 lt
1413 2527 1514 2606 illud
1537 2528 1723 2619 linteum,
1749 2527 1861 2634 quod
1886 2554 1938 2606 ex
1957 2529 2048 2634 igne
2067 2524 2229 2602 illaesum
2250 2550 2314 2599 re-

611 2639 689 2730 dit,
720 2665 763 2716 ac
783 2639 959 2746 primum
984 2663 1112 2715 aenean
1141 2634 1466 2746 camphoraoeum
1486 2639 1647 2718 odorem
1662 2637 1834 2732 exhalat,
1865 2665 1912 2716 eo
1934 2637 2140 2716 debilitato
2159 2636 2198 2712 δι
2222 2638 2314 2712 eva-
2411 2703 2415 2713 .

613 2750 792 2828 nascente
807 2763 961 2855 gratum
974 2747 1148 2854 aliquem
1169 2751 1426 2828 Cinnamorni
1440 2751 1607 2832 odonem
1626 2751 1788 2859 spirare:
1820 2768 2001 2858 praeterea
2018 2745 2095 2826 hoc
2119 2746 2251 2825 oleum
2271 2746 2314 2826 in

613 2857 780 2970 sulphur
797 2857 858 2936 vel
876 2858 923 2936 tal
946 2859 1112 2952 nitrum,
1142 2859 1203 2937 rel
1230 2861 1350 2938 etiam
1385 2862 1426 2939 in
1453 2862 1543 2941 illos
1569 2862 1662 2940 sales
1681 2861 1796 2939 timul
1815 2863 2030 2970 permixtos
2049 2857 2314 2966 conspersum,

615 2973 665 3050 iis
686 2971 838 3082 prorsus
857 2969 1018 3048 illibatis
1039 2997 1082 3047 ac
1102 2969 1240 3062 illaesrs,
1262 2968 1283 3049 ὲ
1303 2971 1461 3052 flamma
1487 2973 1530 3051 in
1549 2991 1681 3052 totum
1697 2972 1877 3051 consumi
1889 3001 1934 3051 ac
1953 2969 2128 3080 depasci,
2160 2967 2266 3076 quod
2286 2967 2315 3047 lt

504 3143 507 3151 .
615 3083 746 3193 pulvis
776 3082 1049 3160 tormentarius
1070 3108 1116 3158 eo
1146 3082 1321 3162 imbutus
1356 3083 1415 3176 fit,
1444 3083 1648 3163 *hammam
1667 3084 1843 3192 concipit
1859 3112 1906 3162 eo
1933 3081 2106 3173 accense),
2137 3079 2201 3158 sed
2234 3105 2316 3156 non

596 3196 687 3304 ‚nin
709 3194 867 3286 tardius,
898 3195 938 3271 dr
954 3192 1163 3302 postquam
1191 3194 1328 3273 anulare
1346 3195 1546 3302 particula
1561 3197 1641 3275 olei
1669 3195 1830 3304 depellat
1848 3195 1962 3287 lunt3
1993 3192 2183 3300 langulare
2211 3217 2315 3297 quo·

614 3331 694 3415 que
720 3305 1035 3414 experimentum
1068 3304 1136 3396 est,
1167 3305 1275 3412 quod
1313 3305 1430 3385 finnus
1461 3307 1552 3402 olei,
1579 3307 1653 3416 qui
1681 3333 1735 3385 ert
1767 3305 2018 3384 cocalefasto
2038 3305 2149 3412 super
2182 3303 2317 3408 ignem
2362 3337 2371 3354 .

615 3417 783 3510 exhalat,
814 3443 883 3526 per
899 3436 1078 3524 pannum
1096 3415 1338 3523 triplicatum
1357 3417 1422 3497 seu
1442 3418 1783 3528 quadruplicatum
1798 3444 1896 3495 exce
1925 3434 1985 3495 tos
2005 3413 2053 3492 ad
2078 3416 2162 3521 ejus
2182 3412 2316 3521 super·-
2436 3480 2441 3488 .

614 3532 745 3611 ficiem
765 3526 942 3613 in,salem
958 3524 1094 3604 album
1114 3530 1153 3605 δι
1182 3526 1409 3621 candidtun,
1436 3529 1548 3635 quod
1578 3530 1743 3637 ipsamet
1771 3446 1997 3639 Campliora
2022 3526 2089 3618 est,
2119 3525 2157 3604 se
2175 3525 2316 3633 affigit,

612 3644 713 3751 quin
729 3642 773 3720 dt
792 3635 870 3716 hoc
890 3636 1037 3729 oleum,
1069 3655 1114 3714 ut
1143 3664 1286 3747 purum
1317 3637 1357 3717 &
1387 3638 1538 3718 clarum
1569 3641 1628 3733 fit,
1658 3666 1753 3719 curn
1782 3654 1959 3749 tempore
1974 3637 2182 3749 particulas
2201 3636 2317 3745 quas-

615 3754 705 3833 dam
727 3744 1023 3858 camphoraceas
1044 3746 1235 3847 demittit.
1291 3750 1478 3831 Relatum
1493 3778 1652 3862 quoque
1671 3750 1785 3831 nobis
1801 3751 1855 3831 est
1873 3752 1914 3831 in
1928 3750 2026 3831 locis
2047 3746 2315 3857 frigidisque

616 3884 695 3945 erat
714 3864 931 3952 advectum,
963 3860 1010 3937 de
1038 3859 1106 3941 suo
1132 3860 1254 3942 fluore
1274 3861 1484 3945 remittere.
1546 3864 1708 3956 Oleum,
1739 3862 1847 3971 quod
1864 3890 1914 3943 ex
1932 3860 2010 3941 hoc
2029 3860 2182 3941 Malab.
2214 3862 2317 3938 Cin-

614 4002 804 4057 namomo
837 3966 1069 4100 extrahitur,
1113 3972 1367 4082 transparens,
1412 3974 1577 4068 clarum,
1622 3974 1781 4067 flavum,
1823 3974 1984 4053 rutilans
2022 3999 2067 4051 ac
2110 3970 2318 4078 fragrantis

617 4082 2319 4305 hffiffihhffimffihffissfflfflffiffffihffih

617 4312 793 4419 primunr
814 4305 1018 4386 turbidum
1051 4304 1119 4397 est,
1151 4332 1246 4385 cum
1276 4324 1451 4415 tempore
1482 4307 1683 4387 flavescens
1713 4334 1757 4385 ac
1784 4307 2021 4415 transparens
2052 4304 2194 4383 coloris
2222 4304 2318 4382 viri-

616 4420 821 4511 descentis,
852 4417 984 4525 estque
1018 4415 1148 4526 sapore
1181 4445 1338 4525 quoque
1366 4417 1474 4499 dulci
1510 4419 1551 4498 δι
1584 4419 1663 4499 acri
1694 4418 1856 4499 odorem
1885 4417 2126 4498 cinnamomi
2156 4433 2318 4494 tenuem

615 4534 775 4645 spirans,
805 4530 847 4611 in
866 4526 1137 4638 aquasubfidit
1156 4528 1204 4609 ad
1222 4527 1408 4613 fundum.
1469 4598 1475 4611 .
1574 4552 1582 4559 ’

1164 4736 1460 4817 'trans
1534 4670 1854 4847 aJua's

617 4874 826 5036 RAdr'ct'r
842 4860 966 4957 cortex
996 4874 1038 4955 in
1061 4874 1220 4954 decotto
1240 4873 1350 4953 datus
1371 4873 1432 4953 vel
1451 4873 1492 4952 in
1513 4873 1673 4981 pulvere
1702 4900 1796 4952 cum
1814 4870 1933 4958 melle
1952 4869 2017 4948 seu
2043 4862 2223 4946 saccharo
2239 4862 2317 4943 ser-

681 5038 687 5047 ·
724 4987 781 5065 vit
840 5014 882 5067 ro
912 4986 999 5067 tuffi
1030 4988 1070 5066 δι
1101 4982 1326 5093 phlegmate
1358 4984 1624 5095 expurgando,
1683 4986 1795 5064 Idem
1823 4982 2072 5065 contritus&
2100 4979 2318 5087 pennixtus

618 5123 712 5177 cum
732 5014 836 5206 aquiJ
859 5096 1013 5177 confert
1037 5098 1079 5174 in
1099 5096 1266 5207 podagra
1284 5095 1385 5176 faeta
1403 5096 1670 5205 perunctione.
1730 5087 1867 5177 Cartare
1885 5095 2061 5203 Stipitum
2085 5092 2127 5169 in
2157 5090 2319 5168 decocto

619 5209 730 5288 datus
752 5208 864 5287 flatus
893 5234 1051 5316 quoque
1071 5207 1242 5287 discutit.
1299 5208 1397 5290 Idem
1417 5207 1458 5286 in
1478 5207 1636 5316 pulvere
1656 5208 1767 5288 datus
1786 5236 1881 5287 cum
1900 5233 2000 5313 aqua
2017 5201 2141 5285 calida
2165 5201 2335 5291 dolores

618 5322 762 5400 ventris
777 5320 879 5399 sedat
893 5320 1125 5426 fluxumque
1140 5346 1188 5397 ex
1208 5318 1360 5427 frigore·
1369 5318 1556 5399 obortum
1572 5318 1677 5398 fistit.
1737 5321 1921 5400 Foliorum
1940 5318 2075 5395 succus
2091 5340 2184 5391 cum
2204 5312 2319 5421 pipe-

617 5434 726 5512 re&
759 5428 937 5511 saccharo
965 5432 1076 5510 datus
1107 5458 1178 5540 pro
1203 5430 1402 5510 doloribus
1422 5431 1567 5508 ventris
1587 5432 1627 5510 δε
1658 5458 1796 5510 renum
1827 5430 2026 5509 flatulenta
2056 5425 2215 5503 materia
2240 5423 2319 5499 ler-

618 5543 731 5622 viunt
742 5579 755 5634 ;
786 5542 881 5621 folia
898 5544 939 5622 in
958 5544 1116 5651 pulvere
1135 5542 1222 5620 data
1241 5569 1335 5621 cum
1354 5538 1533 5621 saccharo
1561 5538 1768 5621 conferunt
1802 5542 1844 5620 in
1870 5539 2058 5646 vertigine
2076 5534 2229 5643 capitis,
2261 5532 2323 5609 uti

619 5655 659 5733 δι
680 5652 790 5733 flores
810 5656 851 5732 in
870 5654 1029 5764 pulvere
1059 5666 1152 5732 cum
1174 5651 1353 5733 saccharo
1370 5656 1410 5733 δι
1436 5680 1536 5761 aqua
1553 5651 1694 5761 frigida
1707 5654 1799 5731 dati.
1861 5652 2009 5730 Oleum
2029 5647 2138 5754 quod
2155 5672 2204 5722 ex
2225 5647 2321 5722 Cor-

617 5766 690 5846 tice
708 5764 857 5848 Radicir
881 5795 975 5845 cum
995 5766 1068 5845 sale
1087 5766 1251 5860 volatili,
1281 5762 1509 5873 Camphora
1531 5754 1654 5858 'dieto
1686 5792 1754 5873 per
1781 5762 2072 5845 distillationem
2106 5755 2220 5856 simul
2250 5782 2321 5833 ex-

618 5874 812 5956 trahitur:
844 5878 1062 5986 infigniurn
1077 5880 1117 5956 dc
1136 5878 1354 5957 multarum
1381 5877 1435 5957 est
1453 5875 1624 5969 virium}
1650 5874 1801 5984 optime
1820 5873 1973 5954 confert
1992 5872 2034 5949 in
2054 5866 2242 5948 omnihus
2260 5862 2322 5943 af-

612 5985 781 6070 festibus
800 5988 1019 6101 paralyticis
1040 5990 1207 6075 exterius
1238 5991 1280 6071 in
1300 6007 1475 6100 ternpore
1494 5987 1759 6099 applicatum:
1791 5988 1833 6068 in
1852 5985 2022 6098 podagra
2048 5980 2250 6171 surprnum
2269 6003 2314 6054 ac

2019 6120 2097 6203 prae
2113 6109 2323 6172 entaneum
