6092 6950
887 671 1854 820 nnsannnroua

1142 992 1224 1106 A*
1600 987 1661 1102 L

835 1215 1144 1331 MUSA‘
1209 1213 1980 1328 PARADISAICA.

1154 1519 1189 1599 F
1218 1523 1239 1600 1
1268 1522 1323 1602 G.
1388 1547 1451 1602 12.
1489 1547 1552 1628 13.
1590 1545 1652 1621 14.

626 1673 706 1756 Ala
719 1673 855 1783 lingua
868 1671 1106 1752 Bramanum
1128 1670 1232 1780 Kely,
1263 1671 1317 1752 est
1342 1671 1454 1752 arbor
1468 1672 1516 1752 ad
1534 1669 1659 1751 dudm
1687 1669 1899 1751 hominum
1927 1667 2175 1753 altitudinem
2193 1673 2310 1756 affur-

654 1813 764 1895 gens,
795 1781 1039 1890 nasciturque
1063 1781 1106 1860 in
1135 1782 1312 1864 arenosas.

701 1895 825 1977 Radix
853 1886 967 1972 crassa
983 1891 1039 1970 est
1062 1892 1156 1972 duas
1177 1891 1384 2005 spithamas
1410 1921 1454 1974 ac
1481 1913 1557 1974 tres
1579 1893 1764 2002 oblonga,
1793 1892 1945 1973 ambitu
1973 1894 2155 1988 rotundo,
2185 1895 2311 2005 pluri-

497 2007 576 2086 mis
604 2007 711 2084 fibris
736 2035 781 2084 ca
809 2003 942 2096 illatis,
971 2028 1058 2111 quae
1086 2003 1192 2084 intus
1220 2005 1377 2116 lignosae
1406 2003 1508 2099 sunt,
1538 2005 1681 2098 vestita,
1712 2000 1877 2084 exteribs
1906 2004 2013 2084 fusca
2039 2033 2083 2084 ac
2103 2007 2311 2113 nigricans,

498 2117 606 2195 intus
626 2142 739 2195 carne
804 2114 972 2206 bicante,
1002 2142 1090 2222 quae
1108 2115 1248 2226 saporis
1282 2118 1410 2226 aquei,
1440 2114 1637 2196 subdulcis
1653 2119 1692 2195 ὗε
1718 2115 2028 2224 subastringentis
2044 2114 2109 2208 est,
2141 2143 2227 2224 quae
2247 2119 2312 2198 in-

498 2227 573 2306 cisa
599 2223 808 2306 humorem
841 2225 1076 2305 albicantem
1107 2223 1289 2306 nonnihil
1329 2228 1576 2320 unctuosum,
1606 2228 1677 2335 qui
1706 2227 1845 2337 saporis
1883 2226 2079 2306 subdulcia
2114 2229 2154 2335 be
2202 2227 2313 2307 valde

497 2337 738 2449 astringentis
770 2336 838 2430 est,
868 2336 1023 2429 exudat,
1053 2364 1098 2415 ac
1115 2336 1225 2417 illicb
1250 2338 1455 2432 subrubro,
1485 2338 1549 2419 seu
1567 2337 1713 2448 persico
1741 2337 1870 2417 colore
1892 2335 2129 2417 suffunditur
2141 2374 2155 2430 3
2186 2339 2310 2416 inter-

497 2447 600 2528 vallo
628 2447 751 2528 ferme
778 2447 954 2557 pollicari
982 2448 1031 2526 ab
1051 2448 1203 2528 ambitu
1228 2449 1374 2529 annulo
1400 2449 1464 2528 seu
1494 2449 1643 2530 circulo
1661 2449 1769 2528 tenui
1797 2475 1935 2556 parum
1954 2447 2103 2556 lignoso
2125 2475 2169 2526 ac
2193 2451 2311 2528 etiam

497 2558 612 2638 molli
631 2560 672 2637 in
702 2558 837 2637 orbem
865 2576 1040 2668 pertexta
1067 2559 1318 2669 conspicitur,
1348 2588 1396 2639 ex
1415 2588 1496 2669 quo
1525 2559 1630 2640 fibrae
1651 2561 1787 2638 radicis
1804 2557 2000 2637 filamenta
2028 2559 2235 2666 recipiunt,
2265 2565 2333 2638 ac'

494 2671 666 2779 plurima
679 2669 878 2748 filamenta
894 2669 1043 2778 lignosa
1056 2670 1274 2751 tenuiffima
1291 2672 1416 2750 versus
1432 2674 1618 2754 corticem
1643 2667 1737 2750 hinc
1753 2670 1842 2750 inde
1853 2669 2113 2763 deducuntur,
2129 2669 2327 2750 rarissrma'

496 2799 627 2859 autem
643 2810 687 2856 ac
702 2781 831 2855 brevia
844 2779 970 2857 versus
995 2782 1194 2860 interiores
1210 2783 1345 2862 annuli
1359 2800 1498 2893 partes.
1727 2775 1731 2780 ⁵

552 2893 617 2970 Ex
636 2888 761 2968 radice
774 2889 1015 2997 Ramisoliofi
1029 2891 1099 2969 sam
1129 2892 1235 2987 lices,
1266 2921 1436 3001 quorum
1455 2894 1652 2974 interiores
1667 2922 1715 2977 ex
1729 2891 1995 2984 exterioribus,
2013 2888 2193 2998 aquibus
2209 2887 2311 2971 ardtd

496 2997 896 3111 comprehenduntur,
926 3000 1061 3079 ordine
1088 2919 1211 3082 sbnne
1239 3004 1431 3086 decusato
1463 3006 1633 3084 emicant
1680 3005 1775 3114 pede
1809 3007 1911 3081 resto
1943 3007 1982 3083 bc
2021 3001 2210 3109 oblongo,
2239 3006 2311 3111 qui

496 3112 613 3191 unius
642 3112 706 3190 seu
734 3108 859 3189 dudm
892 3111 1010 3190 etiam
1034 3109 1247 3194 hominum
1272 3115 1519 3195 altitudinem
1553 3117 1725 3208 metitur,
1756 3113 1967 3222 assurgunt,
1998 3140 2092 3191 cum
2125 3113 2310 3221 superiori

494 3243 615 3332 parte,
646 3223 688 3300 in
717 3249 795 3332 qua
821 3220 926 3301 foliis
942 3223 1065 3302 vestiti
1080 3225 1169 3305 sunt
1186 3227 1308 3334 magis
1336 3225 1552 3306 minusve&
1577 3227 1673 3337 pede
1687 3225 1817 3304 reflexi
1834 3254 1877 3304 ac
1903 3225 2034 3334 pandi,
2065 3221 2153 3301 sunt
2178 3243 2309 3302 autem

493 3335 537 3412 in
553 3333 650 3442 pede
677 3328 841 3412 exterius
871 3334 1043 3428 rotundi,
1074 3333 1234 3416 interibs
1267 3339 1351 3416 cavi
1379 3339 1422 3417 in
1446 3339 1526 3416 ima
1555 3357 1660 3448 parte
1688 3336 1794 3446 pedis
1824 3335 1903 3441 qud
1932 3333 2143 3439 superficiei
2171 3332 2309 3410 radicis

494 3443 672 3524 annulari
697 3448 819 3525 tractu
835 3445 1000 3524 infident
1021 3474 1064 3524 ac
1084 3447 1269 3555 superiori
1293 3478 1402 3555 aeque
1427 3449 1556 3527 latiae
1582 3447 1785 3525 latitudine
1801 3447 1915 3521 unius
1931 3438 2144 3551 spithamas,
2161 3441 2202 3520 in
2221 3469 2307 3523 me-

493 3556 558 3635 dia
580 3557 688 3665 pedis
703 3555 908 3631 latitudine
926 3556 1032 3631 craffi
1050 3553 1173 3632 ferme
1202 3583 1328 3633 unum
1354 3557 1556 3664 pollicem,
1587 3582 1631 3632 ac
1662 3554 1752 3633 inde
1779 3554 1905 3643 versus
1934 3580 2016 3633 oras
2042 3552 2178 3633 sensam
2197 3570 2307 3633 exte-

493 3668 603 3746 nuati
622 3661 787 3745 exterius
803 3663 946 3742 cortice
964 3661 1154 3771 glabro&
1169 3664 1430 3744 subviridiseu
1445 3662 1947 3757 etiamviridi-flavescente,
1978 3665 2048 3773 qui
2066 3664 2108 3742 in
2127 3663 2307 3745 filamen·

493 3795 535 3854 ta
553 3776 737 3869 candida,
768 3777 863 3855 dura
888 3777 928 3853 de
945 3774 1070 3853 valida
1097 3776 1138 3854 in
1159 3776 1325 3884 longum
1343 3774 1516 3885 protrahi
1534 3776 1671 3886 potest,
1701 3772 1860 3855 interius
1877 3775 2065 3855 corticula
2084 3775 2148 3854 seu
2176 3803 2307 3855 mem-

494 3888 613 3966 brana
630 3885 817 3997 glabra&
832 3884 993 3965 candida
1007 3884 1167 3963 obduui
1183 3925 1195 3978 ;
1227 3888 1332 3966 intus
1353 3889 1395 3965 in
1409 3886 1576 3996 longum
1590 3887 1765 3996 perdudti
1780 3886 1990 3966 numerofis
2005 3886 2230 3995 parietibus,
2247 3886 2306 3965 al-

495 3996 731 4089 bicantibus,
763 3994 1018 4105 fimplicibus,
1039 3995 1243 4105 parallelis,
1274 3999 1344 4108 qui
1363 3998 1504 4105 finguli
1533 3997 1681 4077 venulis
1700 3999 1806 4075 intus
1821 3999 1862 4077 in
1881 3996 2047 4104 longum
2065 3996 2183 4075 striati
2201 3998 2306 4093 sunt,

494 4136 539 4187 ac
557 4108 735 4217 plurimis
751 4105 962 4187 transverfis
977 4106 1280 4187 membranaceis
1305 4109 1441 4187 interse
1469 4110 1626 4187 imentis
1656 4109 1696 4187 in
1717 4106 1926 4187 camerulae
1956 4107 2019 4183 seu
2039 4106 2205 4201 loculos,
2236 4110 2308 4216 qui

495 4220 640 4299 cortice
658 4219 835 4299 exteriori
850 4218 1077 4297 &interiori
1106 4220 1250 4298 occlusr
1269 4220 1372 4314 sunt,
1387 4138 1570 4311 disiecti,
1601 4218 1729 4327 sapore
1745 4218 1886 4326 aquoso
1901 4214 2005 4295 haud
2020 4216 2275 4325 adstringente
2289 4257 2305 4313 ς
2363 4236 2368 4249 “

496 4330 681 4439 superiori
713 4346 833 4438 parte,
864 4354 941 4435 qua
979 4326 1122 4437 apede
1160 4331 1284 4437 magis
1312 4330 1487 4409 minusve
1521 4329 1650 4407 reflexi
1688 4327 1776 4407 sunt
1815 4356 1858 4407 ac
1893 4327 2023 4436 pandi,
2054 4330 2191 4435 majori
2216 4330 2309 4417 sunt

496 4438 670 4532 crassitie,
700 4442 741 4518 bu
755 4440 887 4517 minus
906 4440 989 4531 lati,
1019 4436 1112 4517 cbm
1131 4442 1303 4519 maxima
1321 4439 1524 4519 latitudine
1552 4438 1716 4533 inferne,
1748 4440 1836 4518 inde
1856 4438 1993 4517 sensam
2007 4438 2126 4545 usque
2145 4439 2192 4517 ad
2219 4442 2305 4549 api-

496 4577 584 4629 cem
612 4549 829 4643 stristiores
859 4546 1024 4627 exterius
1053 4550 1310 4644 rotundiores,
1341 4578 1385 4629 ac
1412 4548 1572 4629 interiise
1616 4551 1845 4630 rotundiore
1864 4551 2037 4641 cavitate,
2068 4576 2111 4627 ac
2145 4552 2186 4628 in
2220 4579 2304 4631 oras

494 4677 716 4741 extenuatas
733 4660 865 4752 strioi,
882 4660 988 4738 intus
1008 4686 1165 4769 quoque
1180 4662 1350 4769 ejusdem
1365 4681 1525 4741 texturae
1544 4680 1587 4741 ut
1603 4662 1641 4739 in
1663 4662 1773 4771 pede,
1804 4660 1969 4767 suntque
1988 4658 2084 4737 rami
2104 4661 2307 4739 intervallo

496 4768 627 4881 *apede
640 4770 763 4850 ferme
784 4766 997 4879 spithamae,
1028 4771 1091 4850 seu
1105 4772 1223 4851 etiam
1248 4772 1424 4865 cubitali,
1444 4772 1555 4851 nullo
1581 4770 1679 4851 folio
1698 4770 1835 4865 vestiti,
1853 4772 1943 4849 inde
1956 4769 2075 4877 usque
2094 4772 2141 4849 ad
2155 4770 2310 4878 apicem.
2373 4794 2375 4801 ·

438 4983 443 4993 ¹
494 4883 619 4961 vestiti
652 4910 732 4961 uno
754 4881 865 4974 solio,
896 4881 1215 4991 constituuntque
1242 4884 1351 4963 velut
1378 4884 1547 4973 mediam
1582 4882 1725 4962 costam
1755 4882 1957 4974 foliorum,
1987 4882 2098 4988 cujus
2127 4880 2242 4961 latera
2258 4907 2307 4961 cx
2361 4958 2364 4966 ,

493 4994 578 5099 ejus'
600 4995 676 5072 oris
702 4993 886 5071 tenuibus
900 4994 1083 5101 utrinque
1102 5014 1340 5073 excurrunt:
1372 5023 1466 5074 cum
1486 4996 1704 5087 tenerioreS,
1735 4995 1864 5071 colore
1881 4991 1970 5069 sunt
1998 4992 2040 5069 in
2060 5009 2189 5071 totum
2203 4993 2306 5072 albi-

495 5123 607 5181 cante
618 5142 630 5197 ;
662 5131 757 5182 cum
782 5102 1020 5196 vetustiores,
1041 5104 1303 5186 viridi-diluto
1330 5134 1374 5186 ac
1399 5104 1569 5185 coeruleo
1586 5116 1671 5184 'rore
1691 5104 1903 5215 consperfi,
1924 5102 2012 5181 dein
2041 5129 2134 5182 cum
2168 5104 2305 5211 majori

495 5232 604 5292 atate
624 5213 892 5293 flavescentes:
1801 5250 1805 5255 ·

553 5326 673 5418 Folia,
702 5349 790 5433 quae
818 5352 1017 5405 ramorum
1044 5326 1276 5436 superiorem
1293 5351 1441 5439 partem
1460 5328 1682 5423 investiunt,
1696 5328 2061 5439 oblongo-rotunda
2073 5329 2113 5407 dt
2128 5325 2202 5407 lata
2221 5324 2311 5407 sunt

496 5462 590 5515 cum
609 5437 677 5513 suo
700 5464 810 5515 ramo
829 5435 959 5515 medio
978 5438 1040 5516 seu
1061 5438 1163 5517 costa
1181 5438 1427 5547 longitudine
1445 5440 1568 5520 ferme
1587 5438 1896 5549 sesquihominis,
1927 5442 1968 5519 in
1989 5440 2118 5523 medio
2137 5437 2307 5516 maxima

492 5547 711 5639 latitudine,
743 5576 829 5656 quae
862 5547 984 5626 ferme
1015 5548 1071 5627 est
1096 5551 1211 5628 unius
1240 5550 1380 5643 cubiti,
1411 5556 1450 5631 de
1476 5553 1566 5630 inde
1599 5551 1724 5629 versus
1748 5554 1898 5661 apicem
1927 5554 1965 5630 de
1999 5553 2121 5631 imam
2155 5564 2306 5657 partem

496 5656 687 5749 stnuiori,
716 5656 882 5766 suntque
906 5656 1102 5767 superficie
1119 5661 1263 5770 glabra,
1280 5662 1468 5741 leniffima
1482 5691 1526 5741 ac
1544 5661 1844 5769 aequabiliffima,
1861 5662 2111 5742 subtilissimae
2131 5675 2311 5752 texmrae,

495 5768 589 5846 adeo
618 5786 663 5846 ut
682 5793 781 5875 aqua
808 5769 917 5847 iniis
947 5769 1101 5879 sparsam
1130 5770 1267 5851 diffusa
1294 5773 1403 5852 illico
1422 5775 1464 5851 in
1485 5773 1768 5853 rotundissimus
1783 5773 1955 5883 guttulas
1985 5773 2021 5851 se
2052 5768 2224 5878 colligat,
2244 5770 2305 5848 vi-

496 5881 591 5957 roris
617 5880 658 5957 in
678 5882 779 5958 resta
795 5879 968 5959 vividi&
984 5882 1157 5975 nitentis,
1174 5884 1215 5962 in
1235 5884 1384 5964 adversa
1412 5884 1555 5962 minori
1582 5886 1719 5978 nitore,
1750 5884 1889 5993 saporis
1910 5882 2247 5989 subadstringentis
2268 5882 2308 5960 dc

496 5988 707 6083 subdulcis‚
738 5988 889 6067 venulis
928 5992 1051 6072 densas
1082 5994 1334 6074 subtiliffimis
1364 6000 1402 6075 &
1431 5994 1635 6105 parallelis,
1666 6019 1751 6101 quae
1783 6022 1831 6074 ex
1858 5994 1935 6073 oris
1965 5994 2076 6073 costae
2115 5991 2180 6070 seu
2208 5990 2306 6070 rasni

496 6101 617 6179 medii
644 6099 879 6181 transversam
907 6124 1119 6183 excurrunt
1146 6134 1189 6183 ac
1209 6106 1322 6184 initio
1350 6104 1408 6185 sui
1428 6108 1569 6185 tractus
1595 6132 1643 6184 ex
1668 6104 1840 6183 inferiori
1855 6102 1966 6185 costae
1980 6124 2085 6214 parte
2100 6103 2308 6211 conspicue
2423 6166 2434 6185 .

495 6212 754 6306 deducuntur,
784 6210 911 6294 striata
947 6214 987 6294 δι
1015 6216 1057 6296 in
1089 6217 1261 6327 margine
1299 6216 1417 6298 rubro
1446 6216 1617 6298 limbulo
1650 6217 1789 6309 cineta,
1821 6215 1861 6296 in
1891 6243 2011 6326 quem
2044 6244 2148 6297 vena
2183 6214 2306 6290 tractu
2357 6266 2361 6272 -

552 6324 678 6411 Tou.
697 6326 731 6406 1.
1403 6330 1444 6409 D
2115 6324 2308 6436 superiora
