6092 6950
940 897 1903 1011 Mnnnunnrous
2192 913 2264 1048 Q

568 1225 753 1426 so
842 1276 895 1390 o
984 1277 1204 1394 DA
1294 1279 1354 1398 o
1444 1281 2000 1398 A-PAL·
2088 1280 2164 1400 A.

745 1517 1094 1650 usurum
1166 1493 2173 1774 A‚urrursnuruu1oulr.‘·
2244 1516 2266 1702 ἦ

1280 1949 1450 2029 FIG.
1505 1947 1577 2053 48.
1663 1976 1685 1991 ··

721 2100 873 2250 Odaga·
853 2134 989 2231 ·Pa'l,a
1020 2151 1106 2244 qua
1143 2139 1256 2218 tertia
1288 2138 1430 2249 species
1461 2138 1516 2219 est
1546 2135 1659 2232 Pa'la,
1687 2127 1788 2247 ling
1823 2137 1955 2218 Bram
1986 2135 2107 2265 Ategl
2110 2135 2257 2241 -CuQ
2389 2140 2393 2149 '

602 2095 717 2391 C
737 2254 790 2334 est
809 2275 967 2361 quoque
985 2247 1098 2328 arbor
1116 2246 1296 2345 humilis,
1316 2250 1416 2330 altit.
1434 2269 1479 2331 ut
1509 2255 1680 2333 Curatu-
1681 2250 1795 2345 Pa'la,
1816 2249 2001 2330 nascens
1990 2275 2032 2328 ιιι
2050 2254 2229 2332 ιιειιοίιε.

657 2471 783 2555 Radix
810 2472 941 2550 minus
957 2468 1143 2550 submisse
1162 2472 1199 2551 se
1225 2472 1412 2567 demittit,
1438 2471 1555 2552 fibras
1577 2470 1666 2553 late
1681 2471 1917 2569 diffundens,
1936 2472 2090 2570 cortice
2108 2470 2261 2554 rubro·-¹

602 2581 711 2664 fusco
736 2587 777 2664 δι
802 2583 938 2676 lacteo,
970 2583 1039 2722 qui
1068 2583 1211 2691 saporis
1233 2585 1351 2664 amari
1380 2586 1420 2663 δι
1448 2584 1581 2664 minus
1605 2585 1831 2696 pungentis.

625 2807 779 2935 Stipes
806 2830 964 2914 quoque
990 2805 1130 2914 pedem
1156 2805 1297 2888 craffus
1322 2805 1450 2887 evadit
1472 2771 1618 2887 cortice
1639 2804 1729 2887 rufo
1758 2808 1799 2886 δι
1823 2805 1961 2934 lacteo,
1989 2805 2099 2889 rami
2115 2824 2257 2890 autem

603 2905 771 3000 cinereo.
1179 2963 1183 2971 -

659 3139 778 3233 Folia,
801 3165 886 3247 quae
901 3137 994 3218 bina
1018 3140 1058 3219 &
1086 3137 1179 3219 bina
1205 3139 1360 3250 petiolis
1386 3139 1505 3222 curtis
1526 3141 1566 3220 &
1587 3103 1776 3221 viridibus
1791 3138 2047 3249 proveniunt,
2073 3135 2263 3220 maxime

603 3251 843 3330 conveniunt
873 3277 969 3332 cum
1002 3249 1107 3331 foliis
1133 3251 1307 3332 secundae
1327 3251 1490 3361 speciei,
1510 3263 1646 3362 utpote
1665 3251 1860 3380 oblongo·
1841 3252 2043 3344 -rotunda,
2077 3253 2249 3330 anterius
2383 3305 2386 3310 -
2430 3296 2432 3303 ·

604 3360 815 3472 cuspidata,
845 3361 991 3455 Ιιᾶοις
1024 3365 1130 3441 nervi
1160 3389 1318 3471 quoque
1350 3389 1399 3440 ex
1427 3361 1544 3456 costa,
1575 3388 1661 3470 quae
1681 3364 1723 3441 in
1742 3378 1903 3468 utraque
1922 3377 2029 3468 parte
2057 3361 2248 3452 eminent,

604 3474 784 3582 obliquo,
825 3475 1001 3581 annulari
1035 3502 1079 3555 ac
1113 3475 1296 3585 parallelo
1324 3478 1446 3553 tractu
1475 3492 1688 3553 excurrunt
1721 3476 1764 3554 in
1796 3471 1947 3552 adversa
1982 3470 2110 3552 solum
2142 3489 2250 3580 parte

605 3586 837 3678 eminentes,
867 3612 1003 3663 verum
1022 3582 1105 3665 haec
1124 3586 1271 3693 majora
1289 3584 1378 3663 sunt
1405 3585 1445 3662 δι
1470 3584 1606 3663 latiora
1623 3611 1668 3663 ac
1697 3601 1927 3663 contextura
1955 3584 2086 3663 minus
2114 3583 2259 3678 solida,

605 3722 651 3775 ac
670 3695 820 3778 venulis
841 3693 1170 3776 numerofioribus
1200 3697 1302 3775 inter
1321 3722 1457 3775 nervos
1488 3694 1751 3778 transversos
1739 3713 1846 3775 intus
1865 3714 2055 3805 pertexta

662 3921 802 4012 Floret,
834 3916 903 4026 qui
943 3917 1053 4028 supra
1080 3902 1129 3997 er
1162 3918 1313 4027 origine
1351 3918 1539 4031 foliorum
1567 3917 1786 3998 uncialibus
1816 3900 1971 4027 petiolis
1997 3915 2251 4027 proveniunt,

528 4104 530 4111 r
606 4030 724 4109 etiam
751 4028 907 4109 candidi
926 4029 1014 4107 sunt
1034 4030 1209 4139 quinque
1235 4012 1422 4109 foliorum
1450 4030 1647 4137 oblongo·
1650 4030 1909 4110 rotundorum
1924 4030 1963 4109 &
1983 4026 2250 4154 angustorum,

605 4139 726 4219 acad
754 4168 873 4220 unam
902 4159 1051 4248 partem
1079 4140 1327 4234 inflexorum,
1358 4168 1445 4248 quae
1478 4158 1629 4237 textura
1658 4138 1771 4221 densa
1799 4144 1838 4219 &
1857 4127 2026 4218 craffiola
2044 4138 2114 4216 &⁶
2103 4165 2144 4215 ιιι
2173 4138 2251 4217 oris

606 4248 714 4329 haud
742 4252 903 4360 crispata
922 4251 1010 4329 sunt
1036 4278 1130 4331 cum
1160 4252 1384 4360 pedunculo
1409 4224 1655 4358 longiusculo
1688 4250 1853 4333 candido
1881 4249 2003 4358 calyci
2033 4250 2137 4328 arcto
2156 4248 2250 4328 infi-

606 4362 756 4455 denteS,
789 4361 956 4469 suntque
979 4362 1107 4440 odoris
1122 4363 1289 4470 jucundi
1314 4365 1354 4442 &
1373 4360 1594 4470 fragrantis.

665 4584 712 4663 In
733 4583 865 4665 medio
893 4610 994 4662 unus
1009 4582 1127 4694 stylus
1154 4612 1202 4663 ex
1230 4582 1380 4663 orificio
1409 4581 1593 4693 superiori
1622 4582 1730 4694 pedis
1752 4584 1922 4664 emicans
1953 4609 2048 4663 cum
2075 4582 2252 4663 stamun·

608 4695 707 4774 culis
725 4696 902 4803 quinque
927 4697 1053 4804 parvis
1075 4713 1119 4774 ut
1138 4694 1240 4775 inll.
1273 4693 1386 4776 Pa'la.

666 4916 814 5051 Siliquae
836 4942 993 5023 quoque
1013 4915 1208 5024 oblongo·
1211 4916 1379 5025 angustae
1398 4915 1487 4995 sunt
1507 4944 1551 4995 ac
1578 4916 1719 4996 fimiles
1738 4914 1817 4995 illis
1836 4918 1948 5010 Pala,
1980 4916 2043 4996 sed
2058 4915 2250 4996 craffiores

607 5023 836 5248 ῗξωιιὲίιιέὲιὲ
842 5026 1076 5135 compreffae,
1106 5028 1261 5121 virides,
1291 5024 1525 5138 spithamam
1544 5026 1633 5136 plus
1661 5025 1792 5108 minlrs
1811 5027 1968 5136 longae
1956 5046 2063 5109 mtus
2092 5054 2251 5135 quoque

668 5360 825 5452 Semina,
855 5384 942 5465 quae
977 5384 1135 5467 quoque
1166 5360 1434 5440 numerosam
1467 5358 1503 5437 se
1533 5360 1764 5453 recondunt,
1795 5361 1882 5440 sunt
1914 5362 2032 5440 etiam
2062 5358 2175 5485 plana
2210 5362 2251 5439 &

607 5468 792 5579 oblonga,
821 5496 866 5548 ac
885 5467 1002 5578 paulo
1021 5472 1167 5578 majora
1184 5471 1261 5551 illis
1282 5473 1380 5553 Pala
1411 5497 1505 5550 curn
1526 5470 1591 5552 sua
1614 5472 1888 5579 longitudine
1873 5472 2042 5580 jacentia
2060 5472 2102 5548 in
2119 5469 2252 5577 longi·

608 5580 745 5662 tudine
763 5581 1004 5688 filiquarum,
1034 5608 1078 5659 ac
1108 5609 1157 5661 ex
1187 5582 1267 5663 solo
1286 5583 1467 5662 anteriori
1485 5585 1603 5665 oculo
1622 5583 1854 5692 penicillum
1872 5602 2142 5693 argenteorum
2162 5578 2250 5657 fila-

608 5707 833 5773 mentorum
852 5691 1077 5785 eminentia,
1107 5721 1151 5773 ac
1182 5722 1251 5803 per
1281 5694 1515 5773 filamenta
1504 5722 1547 5773 m
1581 5721 1701 5777 unam
1719 5694 1854 5778 seriem
1872 5695 2078 5805 implicita,
2107 5692 2250 5785 colore,

608 5800 703 5886 clun
722 5802 927 5887 vetustiora
945 5802 1047 5900 sunt,
1078 5804 1192 5887 viridi
1211 5806 1309 5888 flavo
1328 5806 1392 5887 seu
1411 5802 1516 5888 rufo

611 6028 664 6113 6·
1987 6026 2323 6157 VJRES·
