6092 6950
948 831 1900 944 MALABARICUS.
2194 879 2259 975 93

610 1059 876 1176 agrediuntur.
934 1059 1104 1170 Vespera
1131 1083 1176 1152 ac
1196 1054 1244 1138 de
1271 1057 1384 1184 noste
1408 1054 1505 1186 solia
1536 1052 1580 1135 in
1604 1055 1741 1138 iisdem
1768 1051 1934 1185 seriebus
1953 1073 2098 1142 mutuo
2115 1065 2259 1148 attactu

612 1173 903 1288 superficierum
927 1167 1178 1262 clausarum,
1209 1170 1249 1259 ,δι
1277 1195 1320 1246 ιιι
1347 1167 1385 1248 se
1408 1193 1581 1253 mvrceut
1608 1166 1896 1257 decumbentis.

600 1447 602 1452 ,
666 1399 794 1492 Floret
809 1393 905 1490 hinc
920 1395 1010 1492 inde
1025 1395 1066 1490 in
1086 1417 1167 1476 uno
1179 1392 1384 1487 communi
1404 1389 1552 1502 petiolo
1573 1391 1853 1491 viridi-diluto,
1882 1393 1953 1503 qui
1978 1394 2154 1503 supraert
2178 1398 2259 1484 ori-

610 1510 704 1622 gine
738 1509 974 1620 potiolorusn
1002 1507 1067 1601 seu
1094 1503 1339 1600 surculorum
1363 1501 1619 1596 soliaceorum
1652 1505 1797 1614 prodit,
1827 1524 2008 1614 quatuor,
2038 1507 2261 1615 quinqueve

611 1622 742 1733 plures
770 1619 1038 1730 congregatim
1062 1615 1310 1727 proveniunt,
1341 1615 1507 1726 suntque
1535 1613 1685 1705 fabacei
1710 1617 1926 1722 constantes
1945 1615 2053 1706 foliis
2074 1637 2258 1726 quatuor,

613 1761 695 1816 uno
723 1731 823 1812 folio
861 1731 1042 1826 funesto,
1073 1728 1152 1812 lato
1191 1755 1286 1810 cum
1321 1726 1420 1835 stylo
1449 1727 1596 1823 medio,
1625 1727 1696 1836 qui
1732 1730 1768 1817 ei
1800 1729 2018 1823 accumbit,
2046 1748 2260 1818 curvatura

613 1843 916 1954 anguli-formis
947 1869 991 1924 ac
1022 1839 1130 1922 velut
1159 1838 1350 1946 ungttlam
1383 1838 1590 1934 efficiente,
1621 1857 1666 1928 a'c
1696 1838 1850 1932 duobus
1881 1837 1987 1929 soliis
2020 1841 2190 1948 angustis
2218 1845 2260 1924 dt

614 1957 803 2048 surredtis,
835 1981 921 2062 quae
951 1953 1069 2032 etiam
1103 1949 1406 2060 unguli-sormis
1440 1968 1667 2044 curvatura,
1697 1979 1741 2030 ac
1771 1949 1941 2031 ltlaterc⁴
1961 1953 2152 2060 ungulam
2171 1980 2258 2037 arn-

612 2067 852 2180 plestuntur,
881 2066 1049 2173 suntque
1084 2060 1170 2141 haec
1200 2061 1273 2140 tria
1317 2059 1500 2155 craffiola,
1531 2060 1750 2157 albicantia,
1789 2090 1833 2142 ac
1874 2064 1916 2142 in
1956 2062 2123 2172 longum
2152 2067 2260 2143 venis

614 2178 756 2269 striata,
786 2193 987 2285 quartum,
1019 2174 1126 2284 quod
1166 2173 1335 2251 anterius
1373 2169 1440 2264 est,
1485 2173 1526 2270 sc
1567 2171 1695 2251 versus
1734 2173 1841 2280 quod
1871 2174 2018 2282 ungula
2045 2175 2186 2256 inflexa
2222 2179 2262 2254 dc

611 2306 757 2401 aperta,
786 2287 840 2366 est
859 2283 1285 2394 oblongo-rotundum,
1315 2281 1544 2362 latiffimum
1563 2308 1607 2365 ac
1626 2303 1829 2396 pertenue,
1859 2285 2086 2396 venalisque
2104 2285 2265 2396 subtili-

617 2397 690 2498 bus
731 2426 775 2478 ac
814 2395 1025 2479 numerosis
1058 2423 1106 2478 ex
1141 2391 1357 2502 unguiculo
1381 2394 1424 2480 in
1458 2393 1626 2502 longum
1649 2389 1842 2505 slaiatum,
1872 2388 2049 2504 piimum
2077 2391 2266 2506 angulata

614 2509 711 2594 solia
728 2528 914 2618 tanquam
944 2507 1193 2588 involucrum
1221 2503 1500 2614 complestens,
1531 2505 1622 2584 dein
1699 2505 1867 2586 ndulum
1896 2509 1937 2586 dc
1967 2507 2004 2586 se
2034 2511 2259 2620 corrogans,

615 2622 745 2704 colore
763 2623 937 2732 primum
964 2618 1171 2713 albicante,
1201 2616 1291 2696 dein
1323 2615 1561 2713 flavescente,
1589 2645 1643 2732 po
1719 2617 1843 2708 odurn
1870 2617 2107 2718 rubescente,
2137 2649 2181 2702 ac
2213 2647 2262 2702 ex

615 2732 734 2822 rubro
752 2730 1066 2844 purpurascente.

673 2956 796 3066 Stylus
813 2949 1092 3062 unguliformis
1112 2953 1153 3034 in
1173 2952 1395 3036 summitate
1421 2951 1523 3032 fiffus
1542 2951 1585 3032 in
1612 2951 1823 3048 filamenta,
1853 2981 1940 3064 quae
1959 2954 2134 3063 apicibus
2154 2953 2260 3037 flavis

616 3096 661 3149 ac
680 3067 863 3174 oblongis
882 3083 1014 3144 ornata
1033 3063 1134 3161 sunt,
1165 3067 1281 3145 acad
1312 3092 1521 3159 concavam
1547 3083 1711 3175 partem,
1742 3066 1820 3177 qua
1848 3064 1994 3146 solium
2026 3067 2165 3160 latum,
2186 3067 2262 3146 ob·

617 3176 977 3290 longo-rotundum
995 3175 1163 3288 respicit,
1192 3176 1382 3259 soleatura
1411 3193 1578 3286 apertus,
1609 3180 1649 3261 tc
1678 3177 1881 3288 filamcnto
1909 3177 2103 3258 albicante
2122 3179 2260 3272 libero,

615 3289 686 3493 qui
718 3286 833 3374 suum
860 3315 1020 3416 quoque
1044 3289 1196 3398 apicem
1228 3290 1270 3370 in
1303 3289 1445 3372 vertice
1477 3291 1593 3397 gerit,
1623 3286 1830 3381 obductus,
1868 3290 2122 3396 reconditque
2152 3292 2194 3368 in
2226 3289 2265 3368 se

647 3402 866 3487 lamentum
896 3399 1044 3479 vinde:
1076 3400 1184 3508 quod
1222 3427 1272 3481 ex
1304 3398 1520 3511 primordio
1549 3399 1699 3481 fruetus
1725 3401 1766 3481 in
1793 3399 1925 3509 calyce
1958 3400 2029 3480 fito
2062 3400 2267 3482 excurrit:

616 3512 783 3626 suntque
811 3511 921 3592 flores
940 3511 1058 3593 odore
1077 3510 1203 3593 nullo.

675 3738 752 3821 Cal
763 3708 1033 3845 x'profundus
1052 3734 1120 3828 est,
1149 3733 1340 3817 rotundus
1358 3762 1402 3816 ac
1420 3736 1538 3831 latus,
1568 3736 1794 3844 &quatuor
1813 3734 1991 3819 brevium
2017 3734 2264 3820 rotundiolo'-
2381 3724 2387 3733 ’
2413 3739 2420 3759 ’

617 3876 709 3933 rum
727 3767 918 3929 lbliorum
938 3846 1175 3967 unguiculos
1194 3844 1384 3929 soliorum
1399 3848 1659 3948 circumdans,
1688 3847 1819 3944 colore
1840 3847 2121 3933 viridi-diluto.

677 4065 861 4155 Floribus
888 4068 1061 4157 deciduis
1077 4068 1289 4151 succedunt
1308 4070 1457 4183 siliqua
1475 4070 1654 4183 oblongae
1673 4070 1853 4182 angusta,
1874 4070 2119 4166 rotundiolae,
2141 4074 2266 4166 reela,

620 4183 774 4277 virides,
804 4210 892 4292 quae
910 4200 1077 4291 quatuor
1096 4178 1302 4291 spithamas
1332 4182 1473 4291 longae,
1504 4182 1734 4292 &digitum
1767 4182 2020 4284 transversum
2047 4183 2148 4278 lata,
2175 4210 2265 4263 cor-

620 4297 697 4379 tice
722 4294 840 4377 crasso
870 4294 983 4387 sunt;
1013 4295 1055 4373 in
1090 4294 1137 4371 iis
1165 4292 1282 4377 Faba
1314 4292 1493 4403 oblonga
1519 4294 1677 4403 fingulae
1704 4296 1747 4375 in
1777 4295 1943 4405 propriis
1976 4294 2264 4387 loculamentis,

653 4434 711 4489 uae
735 4404 945 4516 parietibus
966 4404 1129 4485 carnosrs
1149 4403 1318 4511 sejuncta
1346 4404 1435 4488 sunt
1469 4434 1563 4489 cum
1596 4405 1661 4487 sua
1693 4406 1940 4519 longitudine
1958 4407 2000 4487 in
2020 4406 2268 4515 longitudine

620 4431 846 4628 dliquarum
865 4515 1047 4609 confitae,·
1064 4543 1107 4595 ac
1126 4544 1219 4595 cum
1239 4516 1385 4625 ungula
1414 4516 1477 4597 seu
1509 4517 1701 4599 umbilico
1719 4520 1761 4597 in
1782 4519 1913 4597 medio
1942 4519 2080 4598 sutura
2099 4520 2266 4600 laterum

619 4612 845 4738 filiquarum
877 4626 925 4705 acl
963 4654 1082 4707 unam
1117 4646 1266 4755 partem
1295 4626 1434 4721 affixa,
1463 4646 1580 4736 atque
1610 4627 1792 4710 nonnihil
1825 4628 1895 4709 sub
1926 4631 2070 4709 cortice
2098 4620 2265 4709 extube-

621 4760 763 4833 rantes,
811 4739 978 4846 suntque
1011 4737 1152 4848 saporrs
1184 4735 1346 4831 fabacei,
1395 4740 1435 4819 bc
1474 4738 1617 4821 fimiles
1655 4738 1845 4851 phaseolis
1882 4740 2019 4819 nostris
2050 4739 2120 4819 nist
2158 4739 2266 4847 quod

620 4851 806 4945 minores,
836 4849 1012 4960 primum
1041 4847 1195 4945 virides,
1237 4850 1328 4931 dein
1361 4848 1589 4946 albicantes,
1630 4852 1695 4932 seu
1723 4878 1771 4931 ex
1802 4849 1995 4932 albicante
2024 4850 2264 4945 subvirides3

620 4961 786 5071 suntque
804 4962 846 5040 in
858 4958 1022 5063 eduliis.

629 5176 632 5185 ’
677 5183 862 5269 Floras&
880 5183 1045 5266 uranus
1074 5177 1158 5263 hac
1188 5182 1301 5264 arbor
1328 5182 1405 5265 fert
1435 5206 1610 5299 tempore
1639 5186 1816 5297 pluvioso
1845 5184 1995 5268 duabus
2027 5181 2197 5267 tribusve
2224 5181 2293 5266 in·

622 5320 726 5379 anno
745 5290 911 5389 vicibus,
941 5292 1059 5373 etiam
1079 5310 1164 5377 toto
1182 5322 1286 5376 anno
1302 5293 1366 5376 sed
1385 5298 1520 5378 rarius.
1817 5330 1825 5343 ·

1159 5519 1430 5605 arans
1502 5525 1738 5635 aJos

624 5648 719 5812 IN
749 5649 918 5760 podagra
934 5646 1133 5761 proficua,
1178 5653 1206 5733 st
1236 5680 1286 5736 ex
1316 5658 1496 5743 Partibus
1525 5658 1599 5767 ejus
1627 5658 1805 5741 contritis
1837 5658 1906 5740 fiat
1935 5658 2142 5739 decenum
2174 5680 2272 5742 cum

703 5762 806 5855 oleo,
835 5790 879 5841 ac
911 5788 958 5842 eo
990 5792 1076 5873 pars
1108 5761 1243 5845 affecta
1272 5790 1520 5882 perungatur.
1580 5771 1709 5851 Radix
1735 5772 1861 5849 mixta
1884 5796 1979 5851 cum
2008 5770 2270 5867 urinaxvaccae

625 5870 811 6075 huqrores
830 5873 1085 6077 1tumoresque
1117 5878 1389 5965 membrorum
1422 5881 1590 6075 restgvit,
1620 5883 1666 5967 iis
1697 5882 1879 5997 apposita.
1935 5879 2096 5976 Arboris
2115 5880 2271 6105 Optabis

725 6010 811 6091 ota.
853 6044 865 6069 .
932 6072 943 6105 ‚
2168 6018 2281 6075 meus·
