6092 6950
668 867 826 966 ,m
1266 835 1891 968 Housus

753 1029 761 1053 ⁸
814 1053 924 1134 Cum
941 1049 1046 1134 hisce
1070 1049 1185 1134 fimul
1215 1050 1356 1133 emicat
1380 1080 1482 1135 unus
1510 1052 1630 1163 stylus
1658 1019 1791 1134 viridis
1806 1051 1977 1132 incurvis
2005 1049 2233 1132 staminibus
2252 1047 2406 1136 craffior

757 1166 859 1247 inter
876 1165 1040 1245 stamina
1061 1167 1101 1245 bt
1133 1163 1277 1246 solium
1305 1165 1518 1246 surredtum
1542 1164 1738 1277 prodiens,
1756 1164 1840 1274 ⁴qui
1868 1163 2093 1272 siliquosum
2111 1191 2271 1274 germen
2290 1165 2360 1246 est.

814 1307 973 1387 Gemmae
996 1305 1148 1387 Florum
1172 1303 1402 1384 rotundiolae
1436 1305 1538 1400 sum,
1569 1307 1611 1386 in
1648 1332 1727 1386 una
1764 1321 1871 1416 parte
1897 1303 2035 1416 planae,
2065 1304 2108 1384 in
2138 1304 2255 1384 altera
2268 1306 2402 1415 'magis

754 1443 952 1509 convexa,
981 1411 1156 1524 primirm
1196 1413 1485 1510 rubro-satura,
1529 1416 1619 1496 dein
1666 1412 1760 1496 cbm
1806 1414 2245 1526 rotundo-oblongiores
2285 1415 2401 1511 fiunt,

753 1527 884 1624 colore
909 1525 1272 1606 viridi-albescente.

809 1673 986 1761 Fruslus,
1016 1668 1087 1775 qui
1120 1668 1161 1746 in
1189 1666 1347 1776 iignofis
1379 1695 1423 1747 ac
1453 1665 1703 1748 craffiusculis
1729 1667 1884 1776 petiolis
1904 1668 2020 1747 ramis
2048 1668 2291 1778 appendent,‘
2312 1667 2402 1749 sunt

754 1783 899 1891 filiquae
916 1778 1110 1887 oblongae,
1126 1778 1265 1871 crassae,
1280 1778 1323 1856 in
1337 1777 1538 1912 glandulas
1559 1797 1633 1858 tres
1654 1778 1866 1888 quatuorve
1883 1780 2168 1871 extuberantes,
2185 1779 2400 1860 constantes

753 1894 898 1972 cortice
925 1889 1097 1969 craffiolo
1125 1890 1196 1997 qui
1214 1890 1381 1968 exterius
1412 1889 1467 1967 est
1494 1889 1569 1968 rufi
1600 1889 1663 1968 seu
1682 1889 1847 1969 muscofi
1876 1890 2031 1984 coloris,
2061 1891 2166 1970 intus
2197 1891 2330 1968 viridis
2360 1893 2400 1970 bt

752 2031 865 2084 carne
883 2006 989 2080 intus
1009 2001 1157 2094 acerba,
1188 2028 1274 2108 quae
1292 1995 1467 2108 primitm
1485 1996 1663 2093 humida,
1694 2000 1844 2080 duriola
1868 2004 1908 2082 &a
1936 2001 2107 2081 albicans
2134 2029 2177 2080 ac
2196 2000 2400 2080 subviridis

751 2115 819 2210 est,
849 2110 943 2194 ciam
967 2113 1111 2190 maturi
1144 2109 1247 2204 sunt,
1278 2110 1475 2190 mollis&
1501 2111 1687 2191 flavo-seu
1717 2110 1978 2206 rubro-fusca,
2010 2111 2177 2221 suntque
2201 2110 2249 2189 ad
2277 2113 2398 2192 corti-

725 2236 840 2307 'cem
864 2253 913 2304 ex
940 2221 1088 2332 petiol'o
1121 2219 1277 2330 lignofis
1307 2220 1516 2302 filamentis
1549 2222 1613 2301 sed
1641 2221 1732 2302 raris
1760 2249 1829 2332 per
1859 2251 2015 2304 carnem
2039 2223 2082 2302 in
2116 2223 2281 2332 longum
2308 2233 2397 2332 per'-

747 2337 849 2416 texti
875 2339 915 2416 &
939 2335 1010 2414 sub
1039 2358 1153 2411 carne
1179 2335 1221 2411 in
1238 2328 1541 2413 'membranacea
1576 2331 1838 2416 loculamenta
1865 2336 1908 2415 in
1936 2335 2080 2445 quibus
2117 2334 2217 2416 faba
2243 2335 2399 2416 confite

749 2449 852 2543 sunt,
882 2445 1063 2526 distineri.

805 2587 922 2668 Fabae
949 2582 1141 2694 quadratae
1168 2585 1208 2663 bc
1236 2580 1374 2692 plana,
1400 2580 1576 2695 primirm
1604 2580 1697 2665 ciam
1725 2586 1944 2666 immatura
1967 2586 2069 2680 sunt,
2100 2585 2243 2666 cortice
2261 2586 2397 2665 viridi-

747 2697 943 2777 diluto&
972 2697 1132 2822 nitente·Y
1161 2695 1268 2773 intus
1297 2692 1367 2772 sub
1403 2697 1548 2775 cortice
1576 2696 1697 2806 pulpa
1734 2698 1823 2777 sunt
1860 2697 1959 2791 aiba,
1990 2699 2164 2792 candida,
2195 2695 2308 2774 densa
2335 2697 2398 2778 seu

747 2809 880 2902 solida,
909 2807 1051 2916 sapore,
1081 2802 1175 2884 ciam
1208 2823 1345 2883 tenerae
1373 2805 1475 2901 sunt,
1506 2807 1762 2917 adstringente
1794 2811 1834 2889 δι
1877 2811 2032 2891 corticis
2068 2811 2200 2905 amari,
2235 2809 2396 2889 maturis

747 2918 898 3027 'srliquis
926 2920 968 2996 in
988 2917 1130 2998 osseam
1148 2916 1331 2995 duritiem
1359 2920 1504 2998 cortice
1531 2918 1783 2999 rubro-fusco
1808 2921 1989 3002 evadunt.

802 3059 929 3140 Flores
947 3055 1030 3138 haec
1045 3054 1158 3134 arbor
1171 3053 1287 3134 semel
1307 3055 1349 3132 in
1367 3084 1470 3138 anno
1484 3058 1550 3137 dat
1569 3059 1610 3140 in
1631 3059 1865 3139 Novembri.

752 3209 757 3216 ’
1284 3247 1556 3328 Vrnas
1625 3250 1919 3358 EJus,

742 3377 839 3538 IN
859 3375 1050 3458 Febribus
1070 3370 1307 3465 ardentibus,
1323 3370 1504 3481 malignis
1531 3375 1571 3452 δι
1585 3372 1904 3482 pestilentialibus
1924 3371 2088 3468 confert,
2109 3375 2156 3455 ad
2170 3375 2276 3485 quod
2300 3373 2396 3484 sape

812 3517 906 3569 cum
921 3483 1100 3568 saccharo
1117 3483 1276 3591 condita
1294 3484 1419 3579 datur,
1441 3485 1489 3563 ab
1511 3485 1704 3593 indigenis
1724 3484 1957 3565 creberrime
1978 3487 2181 3595 usurpatur
2206 3490 2247 3565 in
2265 3488 2391 3565 medi-

743 3602 933 3680 camentis
948 3598 1159 3709 purgativis
1174 3593 1367 3705 praecipue
1393 3616 1569 3704 tempore
1598 3596 1739 3689 aestivo,
1770 3614 1814 3675 ut
1838 3600 1877 3677 &
1898 3594 2070 3676 maxime
2092 3598 2161 3676 ubi
2182 3596 2270 3677 bilis
2297 3598 2393 3678 flava

743 3708 962 3791 redundans
977 3738 1021 3787 ac
1039 3707 1075 3786 se
1094 3732 1321 3814 percorpus
1347 3706 1521 3814 undique
1535 3706 1773 3797 diffundens,
1801 3707 1995 3815 sanguinis
2016 3707 2211 3803 ebulliti0‚
2229 3708 2306 3787 fitis
2327 3711 2391 3787 in-

741 3820 849 3914 festa,
879 3819 1008 3901 morbi
1026 3817 1180 3896 cutanei
1194 3816 1234 3894 bc
1253 3816 1461 3923 'praesertim
1480 3817 1642 3895 morbus
1658 3818 1785 3925 regius
1801 3816 2024 3924 grassantur,
2045 3819 2087 3896 in
2107 3817 2251 3927 quibus
2277 3820 2390 3898 malis

742 3931 909 4043 simplex
937 3929 1270 4011 medicamentum
1298 3954 1346 4005 ex
1362 3926 1472 4006 caffia
1497 3926 1621 4005 fistula
1642 3955 1733 4007 curn
1756 3928 1970 4007 tamarindo
1989 3927 2068 4009 uni
2095 3958 2189 4009 cum
2213 3926 2392 4009 saccharo

741 4045 863 4154 vulgo
882 4044 985 4123 diuo
999 4044 1115 4149 Jagra
1127 4039 1176 4117 de
1191 4040 1300 4116 Cana
1310 4037 1434 4129 datur,
1447 4038 1554 4145 quod
1569 4038 1706 4118 leniter
1720 4038 1851 4119 alvum
1866 4038 1969 4119 laxat
1982 4068 2026 4119 ac
2040 4059 2193 4147 purgat.
2255 4044 2391 4123 Cortex

741 4157 856 4235 tritus
872 4157 911 4233 dc
926 4181 1019 4233 cum
1039 4178 1138 4259 aqua
1156 4176 1282 4256 oryzae
1296 4149 1337 4227 in
1354 4150 1581 4228 undionem
1595 4151 1765 4261 corporis
1779 4152 1996 4262 permixtus
2008 4148 2241 4231 humoribus
2256 4151 2388 4261 super-

725 4267 830 4367 ‚fluis
845 4263 1064 4375 dissipandis
1079 4261 1244 4342 confert.

740 3171 753 3242 s

1467 4375 1634 4453 FIG.
1697 4400 1763 4482 23.

786 4488 892 4551 Arbor
906 4486 959 4550 hic
972 4485 1121 4565 descripta
1135 4478 1176 4543 esi
1199 4478 1308 4563 sitque
1330 4478 1465 4555 Arabica,
1480 4505 1551 4566 quae
1581 4485 1656 4559 lent,
1667 4504 1765 4565 eoque
1780 4483 1897 4546 oriente
1907 4485 2033 4567 aperire,
2049 4498 2083 4549 ut
2095 4485 2125 4550 &
2138 4486 2169 4547 in
2185 4484 2295 4567 plantis
2308 4485 2388 4564 apud

742 4572 934 4638 Tamarindus
945 4571 981 4633 C.
997 4567 1140 4633 Bouhini:
1155 4564 1264 4627 Tumor
1276 4562 1334 4627 srve
1344 4566 1482 4647 Danylus
1498 4568 1548 4630 In·
1580 4590 1635 4632 nos
1652 4570 1743 4643 natis,
1759 4568 1804 4632 sed
1820 4588 1891 4651 quae
1913 4591 2072 4654 nunquam
2090 4573 2307 4653 perennabunt,
2323 4590 2387 4631 non

741 4661 853 4733 donem,
879 4654 1012 4721 Perimula
1038 4654 1134 4716 Indica
1166 4650 1195 4713 bc
1228 4650 1369 4733 Derestlde
1401 4654 1551 4715 Arabum.
1578 4652 1937 4735 semelexpertisumus:
1960 4654 2206 4737 quodantem&
2228 4654 2388 4739 ipsestuc-

739 4740 978 4815 Brasrliensrbus‚
995 4736 1187 4823 Pisoneteiie‚
1203 4734 1295 4818 lump,
1310 4732 1546 4801 Guzurattrnfi-
1578 4754 1625 4801 tus
1642 4738 1701 4801 sive
1716 4736 1834 4821 siliqua,
1852 4740 1972 4821 frigoris
1988 4740 2104 4803 vitandi
2120 4742 2221 4815 causei,
2234 4739 2313 4801 soliis
2330 4738 2387 4801 sese

740 4830 798 4893 bus
814 4826 941 4901 Ambus,
963 4819 1549 4908 Canerinis&Malabarensrbusjuxra
1578 4824 1725 4897 involvat,
1741 4824 1876 4885 fabulam
1890 4824 2014 4888 redolet.
2060 4824 2125 4907 Qui
2139 4826 2336 4910 pluraautem
2348 4823 2387 4885 de

738 4913 877 4995 Acastum,
907 4909 1031 4975 Chincha
1057 4908 1086 4971 bt
1113 4907 1199 4971 Pali:
1229 4904 1549 4991 Madagarascensrbus
1578 4910 1656 4971 hisce
1672 4910 1757 4983 velit,
1773 4910 1838 4993 jam
1854 4910 1963 4971 citatos
1976 4910 2062 4973 adeat
2078 4925 2211 4987 autores,
2232 4908 2262 4973 δι
2281 4907 2386 4991 impri-

738 4998 844 5063 Montt
872 4995 996 5061 dicitur.
1046 4994 1122 5057 Folia
1148 4992 1215 5055 Sole
1245 4994 1407 5055 occidente
1436 4994 1544 5055 codem
1578 4996 1635 5057 mis
1651 4992 1782 5079 Alpium
1797 4992 1833 5053 de
1847 4992 1958 5075 plantis
1974 4992 2116 5082 AEgypti.

738 5084 833 5149 modo
845 5100 879 5145 ut
893 5083 926 5145 in
941 5081 1062 5155 Acaciis,
1085 5078 1210 5162 aliisque
1231 5077 1286 5139 sese
1301 5080 1480 5139 contrahere
1499 5081 1543 5140 so·
1710 5074 1715 5085 ⁹

738 5236 1248 5313 TAMARINDUS
1295 5230 1541 5300 INDICA.
1807 5228 2141 5317 Synonymaauthorum.

1009 5348 1027 5389 ⁶
1051 5342 1069 5387 ¹·
1095 5344 1119 5387 Α
1144 5340 1157 5382 ⁵
1183 5342 1197 5384 ⁸
1221 5342 1234 5385 ¹
1258 5340 1274 5384 ⁸
1624 5346 1844 5415 Tamarindus.
1890 5348 1980 5413 Hort.
2006 5348 2152 5413 cliff.18.
2191 5340 2273 5407 Mat.
2304 5344 2387 5409 med.

781 5434 805 5481 'r
823 5434 845 5479 R
861 5434 874 5478 1
891 5435 913 5478 Α
930 5430 953 5475 N
970 5430 993 5475 D
1011 5430 1032 5473 R
1050 5428 1102 5478 1A
1149 5426 1177 5469 M
1195 5426 1216 5469 ⁰
1234 5426 1256 5469 N
1273 5426 1293 5471 ⁰
1311 5424 1333 5469 ⁰
1351 5423 1374 5467 Y
1393 5422 1414 5467 N
1432 5424 1444 5468 ¹
1462 5424 1497 5467 Α·
1580 5438 1632 5503 28·
1657 5434 1748 5501 Hort.
1766 5436 1830 5519 ups.
1851 5452 1900 5517 ις.
1936 5432 2076 5517 Fl.zeyl.
2098 5452 2146 5507 14.
2177 5426 2382 5513 Roy.1ugdb.

989 5514 1146 5577 clarano
1166 5510 1318 5594 generiem.
1518 5592 1525 5605 ι
1574 5525 1649 5605 465,
1676 5521 1813 5604 Rumph,
1829 5524 1911 5587 amb,
1933 5542 1963 5589 2·
1988 5542 2018 5605 p.
2040 5536 2093 5604 90.
2117 5532 2141 5583 t.
2158 5532 2211 5599 23.
2234 5512 2325 5579 Loess·
2349 5515 2386 5580 it.

779 5601 1041 5686 Cal.4·partitus.
1085 5597 1232 5676 Petalag.
1276 5592 1542 5658 Nediariumsetrs
1578 5628 1652 5674 210.

706 5698 709 5704 Ι
734 5688 913 5775 {brevibus
928 5688 981 5751 sui)
997 5683 1170 5749 fliamessiib·
1194 5680 1355 5767 Legllffless
1368 5679 1538 5764 pulposum·
1619 5692 1738 5777 Siliqug
1765 5692 1897 5775 arabica,
1921 5714 1992 5779 (με
2017 5686 2238 5755 'samm-indus,
2281 5684 2384 5751 Bauh·

992 5788 1102 5851 Nrmrn
1121 5784 1286 5873 specificam·
1576 5779 1638 5863 pin.
1655 5798 1731 5864 403.

777 5872 997 5939 Tamarindus.
1042 5869 1123 5955 Iacq.
1141 5892 1234 5937 amer.
1255 5889 1304 5935 to·
1319 5882 1343 5934 t.
1360 5887 1410 5934 10.

2002 5942 2382 6031 CODDAM-
