6092 6950
1016 887 1970 1019 Mannannrous
2296 909 2346 1057 g

673 1163 792 1254 atque
816 1169 866 1224 ex
894 1137 1046 1221 inferna
1064 1155 1171 1248 parte
1197 1139 1323 1249 piram
1349 1140 1493 1222 diuam
1518 1143 1608 1223 Mal
1613 1203 1942 1227 ..........
1974 1140 2165 1226 Lusrtanis
2186 1143 2327 1256 Pinge,

674 1287 762 1368 quaa
790 1255 913 1364 magis
941 1256 981 1333 bc
1011 1252 1133 1360 magis
1162 1252 1374 1331 increscens
1400 1254 1497 1333 dum
1528 1283 1627 1363 aqua
1648 1256 1793 1335 interea
1821 1258 2044 1349 exsiccatur,
2070 1275 2193 1336 totam
2222 1260 2328 1338 cavi·

676 1388 796 1448 tatem
826 1365 1013 1475 adimplet
1025 1401 1038 1456 ;
1068 1363 1244 1442 surculus
1279 1383 1412 1443 autem
1438 1367 1614 1446 novellus
1639 1395 1689 1446 ex
1713 1367 1829 1447 oculo
1856 1368 2037 1478 prodiens
2063 1387 2171 1447 extra
2199 1371 2328 1480 operi-

677 1498 860 1562 mentum
889 1476 1058 1556 emicans
1096 1475 1213 1584 paulo
1245 1475 1409 1556 reflexus
1442 1479 1630 1557 corticem
1668 1481 1898 1558 exteriorem
1930 1482 2177 1588 perterebrat,
2209 1507 2253 1559 ac
2282 1505 2334 1561 ex
2413 1495 2417 1508 ’

676 1590 850 1672 inferiori
872 1607 978 1698 parte
1002 1586 1148 1666 emittit
1173 1588 1375 1681 radiculas,
1405 1617 1492 1696 quae
1516 1617 1586 1699 per
1603 1591 1789 1670 corticem
1810 1591 2039 1670 exteriorem
2059 1593 2233 1700 primum
2256 1592 2331 1671 ob·

675 1701 788 1812 lique
822 1699 1075 1791 decurrendo,
1105 1699 1262 1777 tandem
1280 1726 1326 1777 eo
1345 1705 1534 1810 perrupto
1555 1701 1591 1778 se
1611 1718 1717 1780 terrae
1747 1698 1951 1781 hincinde
1979 1702 2168 1811 affigunt:
2198 1703 2333 1814 pirum

680 1815 788 1924 quod
807 1813 848 1890 in
877 1813 1037 1891 cavitate
1067 1811 1233 1890 nascitur
1259 1810 1429 1890 albicans
1458 1813 1527 1905 est,
1553 1814 1592 1890 be
1625 1813 1667 1890 in
1696 1812 1872 1892 stristiori
1890 1832 2010 1922 parte,
2042 1814 2120 1922 qud
2139 1841 2187 1894 ex
2213 1814 2333 1894 oculo

680 1926 811 2036 prodit
834 1924 1064 2015 subflavum,
1093 1922 1260 2001 exterius
1277 1923 1382 2111 rupis
1408 1922 1449 2001 in
1468 1923 1635 2032 longum
1655 1922 1829 2003 striatum
1848 1927 1887 2005 ar
1912 1925 2161 2032 granulatum
2183 1953 2226 2004 ac
2240 1923 2336 2006 oleo

682 2039 906 2130 inundtum,
935 2037 1041 2114 intus
1067 2033 1292 2142 fungosum,
1354 2035 1551 2128 umidum,
1582 2034 1702 2114 molle
1721 2038 1761 2115 δι
1775 2035 1961 2128 albicans,
1991 2035 2246 2130 esculentum,
2274 2034 2335 2118 sa-

683 2177 776 2259 pore
798 2147 927 2228 multo
946 2146 1111 2226 dulciori
1139 2143 1262 2254 quim
1284 2146 1471 2240 medulla,
1492 2142 1627 2226 verbm
1654 2143 1835 2226 nonnihil
1864 2144 2070 2229 fastidioso.

743 2378 808 2456 Ex
830 2371 904 2453 hac
922 2371 1055 2450 arbore
1077 2370 1208 2478 liquor
1234 2372 1326 2452 Suri
1342 2399 1499 2482 quoque
1517 2371 1710 2482 provenit,
1734 2371 1804 2480 qui
1826 2391 1941 2484 potus
1962 2371 2015 2452 est
2035 2390 2079 2452 ut
2094 2373 2232 2452 vinum
2252 2372 2336 2452 vim

685 2485 901 2568 inebriandi
921 2483 1117 2576 obtinens,
1147 2483 1285 2592 saporis
1306 2485 1418 2592 grati,
1448 2484 1661 2578 subdulcis,
1692 2483 1844 2562 subsalsi
1859 2488 1898 2564 be
1922 2483 2107 2578 subacidi,
2137 2481 2231 2564 cirm
2252 2483 2335 2594 pri-

686 2597 802 2680 mirm
815 2613 1000 2705 exceptus
1018 2595 1077 2672 est·
1089 2595 1226 2701 majori
1251 2594 1471 2689 dulcedine,
1499 2592 1593 2675 ciam
1618 2595 1801 2674 vetustior
1819 2595 1977 2690 acidior,
2007 2596 2147 2676 coloris
2166 2623 2215 2674 ex
2234 2593 2336 2674 albi·

687 2729 799 2792 cante
818 2706 1049 2788 subcoerulei
1067 2711 1107 2786 δι
1129 2705 1278 2815 pallidi,
1308 2707 1350 2786 in
1370 2707 1568 2817 superficie
1588 2707 1707 2786 bullis
1737 2707 1800 2785 seu
1829 2707 1964 2816 spuma
1985 2707 2131 2787 obsrtus
2160 2733 2204 2785 ac
2231 2705 2339 2785 brevi

689 2845 864 2932 tempore
897 2817 1131 2897 fermentans
1170 2845 1213 2894 ac
1251 2819 1352 2898 inter
1394 2818 1709 2899 fermentandum
1748 2819 1905 2897 srbilum
1941 2819 2056 2897 edens
2094 2846 2139 2898 ac
2166 2816 2339 2926 guttulas

689 2955 825 3016 tenues
839 2929 961 3009 veluti
976 2929 1113 3007 vinum
1127 2927 1227 3006 forte
1241 2930 1280 3007 δι
1295 2949 1477 3039 vegetum
1493 2932 1534 3008 in
1560 2937 1687 3009 adrem
1700 2931 1915 3022 excutiens,
1946 2931 1984 3008 vi
2007 2957 2165 3038 quoque
2184 2927 2342 3006 massam

690 3046 921 3129 farinaceam
953 3039 1016 3118 seu
1049 3039 1265 3120 cerevisiam
1301 3038 1559 3122 fermentandi
1592 3041 1743 3150 pollens
1775 3039 1948 3120 maxime
1973 3038 2067 3140 ciam
2089 3040 2241 3119 dulcior
2271 3038 2342 3132 est,

692 3159 824 3264 estque
850 3154 981 3260 liquor
999 3152 1174 3232 maximo
1198 3152 1410 3231 commodo
1433 3152 1613 3245 serviens,
1642 3179 1689 3230 ex
1740 3181 1796 3231 uo
1823 3155 1962 3232 vinum
1981 3153 2129 3246 ardens,
2161 3152 2268 3261 quod
2297 3167 2343 3230 ut

691 3270 834 3350 vinum·
858 3264 941 3343 vim
968 3261 1200 3342 inebriandi
1232 3261 1365 3357 habet,
1395 3281 1550 3343 acetum
1574 3292 1618 3342 ac
1651 3182 1874 3343 sacdlrarum
1903 3264 2009 3373 quod
2043 3267 2161 3373 [agra
2189 3279 2344 3354 vocant,

691 3382 882 3464 formatur
897 3414 909 3468 3
940 3374 1118 3453 educitur
1136 3393 1266 3453 autem
1285 3372 1352 3454 hic
1366 3375 1496 3483 liquor
1514 3373 1562 3453 ab
1592 3375 1638 3454 iis
1653 3403 1751 3483 quos
1773 3375 1932 3483 Chegues
1947 3393 2085 3451 vocant
2104 3371 2181 3451 hoc
2196 3371 2345 3451 modos

695 3492 814 3601 capsae
852 3486 1026 3567 floriferae
1053 3485 1118 3563 seu
1141 3485 1368 3578 srudtiserae,
1399 3514 1519 3592 quam
1559 3490 1762 3565 Mammam
1793 3485 1937 3563 arboris
1963 3502 2116 3577 vocant,
2145 3484 2348 3593 cuspidem
2372 3490 2378 3497 ’

695 3599 893 3692 incidunt,
921 3595 1035 3702 eique
1073 3593 1194 3672 ollam
1222 3596 1454 3704 appendent,
1484 3621 1528 3672 ac
1571 3592 1671 3673 infra
1710 3593 1910 3704 cuspidem
1946 3596 2148 3675 intervallo
2181 3614 2350 3705 quatuor

698 3713 913 3823 digitorum
932 3705 1119 3787 corticem
1142 3704 1260 3815 capsae
1290 3702 1452 3813 oblique
1478 3705 1618 3798 secant,
1649 3706 1873 3815 festumque
1891 3705 2017 3787 versus
2043 3708 2241 3817 cuspidem
2266 3707 2349 3785 ele-

574 3822 578 3827 ’
698 3842 791 3906 vant
809 3822 970 3899 barbam
996 3835 1040 3894 ut
1072 3817 1182 3922 ajunt
1201 3816 1423 3910 efficientes,
1455 3834 1498 3895 ut
1521 3817 1651 3925 liquor
1678 3844 1726 3897 ex
1745 3818 1900 3927 cuspide
1927 3819 2047 3898 inciso
2068 3847 2134 3930 per
2162 3820 2350 3899 corticem

700 3933 819 4046 capsae
844 3932 1044 4010 dimanans
1075 3955 1124 4005 ex
1151 3926 1268 4005 barba
1295 3930 1335 4006 in
1361 3928 1482 4006 ollam
1507 3956 1528 4006 a
1556 3929 1711 4037 pensam
1740 3929 1979 4023 refundatur,
2000 3930 2199 4039 cuspidem
2218 3948 2351 4009 autem

571 4103 580 4117 -
700 4045 868 4127 incisum
883 4040 942 4119 vel
958 4038 1058 4119 limo
1070 4056 1176 4117 certo
1191 4038 1409 4132 obducunt,
1435 4038 1496 4117 vel
1522 3958 1627 4119 sbliis
1651 4036 1873 4134 Vasti-Tris,
1904 4041 1964 4119 vel
1983 4042 2137 4121 corticis
2151 4041 2353 4120 exterioris

702 4156 816 4239 viridi
833 4152 956 4233 rasura
980 4151 1098 4258 idque
1126 4147 1173 4227 ad
1192 4149 1456 4229 obturandum
1481 4151 1701 4231 cavernulas
1726 4152 1767 4229 in
1796 4152 1952 4260 cuspide
1980 4152 2083 4245 sitae,
2112 4178 2161 4231 ne
2193 4146 2262 4263 per
2288 4176 2351 4231 eas

702 4271 834 4377 liquor
853 4263 945 4347 Sari
969 4289 1017 4342 ex
1037 4260 1212 4353 surculis,
1229 4263 1299 4369 qui
1313 4263 1414 4340 intra
1426 4261 1578 4370 capsam
1599 4262 1700 4355 sunt,
1718 4262 1926 4357 exstillam,
1947 4264 2048 4342 intra
2062 4263 2182 4372 ipsam
2202 4263 2355 4373 capsam

701 4381 742 4468 se
761 4375 961 4457 effundat:
993 4372 1144 4481 capsam
1168 4399 1326 4482 quoque
1353 4373 1533 4453 vinciunt
1562 4373 1602 4451 in
1632 4374 1796 4453 incisura
1826 4396 1919 4453 curn
1938 4375 2082 4453 cortice
2099 4376 2169 4483 qui
2190 4374 2212 4454 d
2237 4376 2356 4454 ramis

705 4489 877 4572 soliaceis
905 4487 1094 4565 detractus
1127 4483 1181 4561 est
1213 4486 1260 4564 ad
1288 4485 1583 4595 impediendum
1613 4512 1660 4563 ne
1686 4505 1914 4596 rumpatur,
1947 4488 2116 4567 Mammu
2142 4504 2273 4565 autem
2291 4486 2358 4565 seu
2405 4514 2409 4529 ·

706 4601 816 4713 capsa
834 4596 989 4707 cuspide
1016 4596 1191 4705 primum
1218 4595 1339 4675 inciso
1366 4594 1450 4705 post
1469 4596 1645 4703 quinque
1673 4596 1753 4676 dies
1782 4599 1846 4677 dat
1881 4598 1983 4691 Suri,
2012 4598 2143 4705 estque
2165 4599 2196 4677 is
2227 4598 2357 4705 liquor

709 4715 780 4824 qui
810 4705 984 4821 primum
1011 4706 1176 4786 exstillat
1210 4708 1338 4786 colore
1365 4706 1616 4802 rubescente,
1649 4708 1708 4787 bis
1737 4709 1784 4787 de
1817 4709 1878 4787 die
1907 4734 2020 4786 mane
2044 4710 2085 4787 be
2124 4710 2266 4818 vesperi
2307 4736 2357 4788 ex

673 4856 687 4864 ·
710 4823 915 4924 communi
931 4818 1001 4898 usu
1016 4818 1110 4898 ollas
1126 4846 1220 4898 cum
1235 4820 1327 4899 Suri
1336 4816 1546 4897 detrahunt
1561 4856 1575 4912 3
1605 4816 1699 4899 cirm
1713 4821 1837 4899 tribus
1852 4820 2023 4913 vicibus,
2034 4821 2152 4899 etiam
2167 4820 2326 4899 meridie
2341 4858 2356 4915 3

710 4936 800 5017 ollae
828 4932 1052 5043 priusquam
1070 4930 1356 5038 appenduntur,
1386 4932 1561 5041 primum
1593 4930 1692 5010 bene
1709 4931 1810 5011 tersae
1830 4920 1918 5009 sunt
1946 4931 2058 5010 acab
2080 4933 2191 5011 omni
2206 4930 2359 5039 liquore

704 5075 760 5129 ex
791 5062 945 5153 urgatae,
975 5042 1133 5149 quoties‘
1153 5061 1283 5121 autem
1301 5042 1591 5151 appenduntur,
1618 5042 1744 5153 cuspis
1773 5041 1958 5121 inciditur
1975 5045 2015 5121 δε
2042 5043 2222 5152 praedisto
2242 5043 2361 5123 modo

712 5074 918 5247 oblinitur,
947 5180 990 5229 ac
1021 5153 1174 5261 insuper
1201 5157 1368 5235 Mamma
1396 5154 1436 5232 in
1466 5172 1633 5263 quatuor
1660 5154 1831 5263 parti-bus
1854 5152 2044 5263 'proxime
2073 5155 2120 5233 ad
2152 5181 2249 5249 oras,
2281 5182 2362 5235 non

715 5268 805 5369 verb
833 5268 875 5346 in
895 5264 982 5374 ipsrs
998 5264 1088 5361 oris,
1120 5291 1244 5370 neque
1272 5267 1313 5343 in
1343 5265 1472 5343 medio
1500 5266 1601 5345 inter
1615 5266 1707 5346 duas
1727 5294 1808 5345 oras
1824 5266 1994 5375 pulsatur
2019 5293 2113 5345 cum
2132 5266 2206 5345 offe
2221 5267 2364 5373 butyro

714 5380 877 5489 repleta,
907 5377 952 5456 fit
967 5393 1098 5454 autem
1118 5374 1185 5452 illa
1198 5376 1374 5484 pulsatio,
1407 5404 1454 5454 ne
1473 5376 1603 5484 liquor
1617 5378 1881 5486 intercipiatur
1901 5405 1944 5455 ac
1958 5374 2112 5471 haereat,
2130 5379 2191 5457 sed
2210 5374 2362 5456 facilius

716 5520 761 5571 ac
776 5486 948 5580 liberius,
978 5506 1094 5594 atque
1118 5486 1212 5565 adeo
1236 5483 1424 5595 copiosrirs
1451 5506 1609 5581 manet,
1641 5488 1770 5595 liquor
1797 5486 1862 5568 hic
1884 5490 1976 5569 Suri
1993 5488 2132 5582 dietus,
2148 5488 2217 5597 qui
2232 5489 2363 5567 medio

719 5604 780 5683 die
810 5598 1022 5679 detrahitur
1058 5598 1099 5673 in
1128 5597 1216 5677 ollis
1245 5625 1359 5675 nrane
1392 5599 1579 5708 appensis,
1610 5598 1734 5679 dulcis
1768 5600 1834 5695 cst,
1866 5602 1936 5708 qui
1963 5600 2115 5710 vesperi
2143 5599 2361 5693 subacidus,

718 5714 837 5792 altero
865 5714 927 5791 die
952 5708 1138 5804 acescens,
1170 5712 1283 5789 tertio
1308 5727 1439 5788 autem
1471 5711 1534 5789 die
1562 5710 1692 5821 liquor
1723 5711 1847 5791 dulcis
1877 5711 2007 5791 acidus
2041 5710 2234 5804 redditur,
2256 5712 2364 5791 suam

720 5822 969 5903 dulcedinem
994 5820 1146 5929 prorsus
1174 5824 1383 5916 amittens,
1414 5822 1546 5931 liquor
1573 5825 1643 5933 qui
1662 5852 1710 5903 ex
1730 5824 1863 5903 arbore
1883 5842 2011 5902 tenera
2028 5822 2207 5903 educitur
2234 5824 2367 5902 minus
2418 5842 2423 5859 ·

721 5932 832 6015 sortis
853 5961 896 6013 ac
913 5950 1070 6047 vegetus
1099 5934 1155 6015 est
1180 5933 1304 6045 quim
1321 5935 1391 6045 qui
1419 5963 1467 6018 ex
1495 5936 1629 6021 arbore
1657 5936 1850 6045 grandiori
1878 5938 1917 6017 de
1936 5932 2148 6030 vetustiori,
2163 5936 2371 6042 minusque

1687 6069 1692 6078 “
2132 6048 2377 6159 spirituotus,
