6092 6950
655 877 730 1007 ss
1201 830 1852 970 nonius

661 1087 801 1198 quiex
820 1085 938 1198 plano
957 1081 1150 1167 albicante
1168 1113 1212 1168 ac
1231 1086 1402 1168 subflavo
1420 1087 1607 1198 capitulo,
1638 1087 1746 1196 quod
1776 1086 2046 1168 rudimentum
2077 1085 2226 1173 studius
2255 1091 2324 1189 cst,
2352 1103 2393 1175 δι

663 1201 704 1279 in
725 1198 849 1280 fundo
866 1198 1007 1307 calycis
1024 1198 1142 1280 fitum
1161 1201 1345 1308 erumpit.
2320 1269 2325 1293 ,

720 1312 839 1420 Calyx
855 1311 1049 1389 craslrolus
1070 1309 1156 1389 laxe
1175 1310 1327 1391 collum
1360 1308 1464 1388 floris
1494 1311 1693 1419 excipiens
1718 1313 1760 1390 in
1787 1338 1856 1390 ora
1878 1335 2018 1418 partun
2036 1312 2258 1422 cuspidatus
2277 1345 2322 1397 ac

662 1449 873 1501 concavam
893 1420 986 1500 colli
1007 1419 1110 1500 floris
1125 1439 1276 1530 partem
1296 1421 1622 1516 viridi-albicans,
1637 1422 1686 1499 ad
1705 1448 1921 1501 convexam
1940 1423 2284 1507 rubro-obscurus.

718 1534 1018 1643 Gemmaestarran
1036 1531 1409 1641 oblongo-rotunda
1427 1531 1603 1642 primum
1620 1533 1775 1625 virides,
1804 1533 1896 1612 dein
1914 1560 2009 1612 cum
2027 1533 2065 1612 se
2081 1562 2131 1614 ex
2159 1537 2288 1645 calyce
2306 1567 2393 1620 ma·

659 1646 719 1755 gis
740 1644 927 1755 produnt,
956 1644 1065 1752 apice
1085 1643 1406 1723 rubro-obscuro.

715 1759 894 1848 Fruslus,
924 1757 993 1862 qui
1031 1754 1191 1834 fioribus
1230 1755 1402 1834 deciduis
1442 1750 1667 1848 succedunt,
1698 1755 1936 1864 praegrandes
1976 1756 2079 1850 sunt,
2119 1757 2248 1840 forms
2283 1759 2391 1841 velut

659 1864 873 1960 machara,
904 1884 978 1946 tres
1013 1863 1221 1976 spithamas
1251 1867 1374 1974 longi,
1405 1863 1473 1943 lati
1491 1893 1617 1944 unum
1644 1867 1837 1975 palmum,
1868 1866 1974 1946 crassi
2001 1896 2126 1948 unum
2145 1868 2269 1950 ferme
2287 1874 2391 1981 digi

659 1995 747 2057 tum
769 2005 863 2059 cum
882 1979 958 2056 oris
991 1977 1037 2056 ad
1071 2005 1189 2056 unam
1220 1995 1371 2086 partem
1405 1973 1589 2054 nonnihil
1615 1977 1765 2056 reflexis
1799 1978 2015 2057 constantes
2040 1980 2185 2058 cortice
2215 1984 2391 2063 craffiolo

658 2090 786 2183 viridi,
817 2090 887 2198 qui
905 2089 1072 2168 exterius
1101 2087 1367 2166 viridi-fuscus
1387 2087 1454 2180 est,
1486 2115 1529 2165 ac
1548 2089 1637 2166 dein
1653 2089 1776 2195 magis
1795 2087 2021 2182 infuscatur,
2041 2085 2201 2170 interiias
2215 2091 2390 2200 primiam

658 2201 943 2280 viridi-dilutus
962 2201 1028 2278 seu
1046 2199 1232 2294 albicans,
1264 2219 1391 2276 tenera
1416 2225 1459 2276 ac
1490 2195 1655 2278 humida
1673 2226 1799 2291 carne,
1830 2228 1916 2306 qua
1935 2201 2024 2280 dein
2043 2205 2084 2278 in
2103 2201 2293 2308 lignosum
2310 2207 2387 2284 du-

657 2313 787 2390 ritiem
807 2311 948 2404 evadit,
979 2339 1022 2390 ac
1043 2311 1187 2390 flavum
1207 2309 1379 2388 colorem
1398 2309 1553 2389 assumit
1571 2311 1778 2402 obductus,
1808 2311 1975 2418 suntque
1992 2312 2034 2390 in
2060 2315 2205 2392 cortice
2222 2313 2388 2396 exteriirs

655 2422 697 2501 in
718 2423 849 2503 medio
863 2423 904 2502 in
918 2422 1086 2530 longum
1105 2422 1147 2500 in
1168 2439 1329 2529 utraque
1348 2439 1454 2529 parte
1470 2449 1551 2500 uno
1569 2420 1676 2500 sulco
1697 2420 1830 2500 striati.
2091 2432 2094 2439 ’

712 2528 880 2614 lnteriias
907 2534 949 2615 in
979 2533 1110 2612 medio
1140 2530 1288 2611 fruetus
1314 2529 1439 2608 latum
1458 2533 1690 2638 filamentum
1721 2531 1788 2623 est,
1812 2535 1928 2638 juxta
1959 2533 2042 2637 ejus
2069 2532 2318 2614 latitudinem
2345 2539 2388 2618 in
2526 2617 2531 2630 ,

654 2644 818 2754 planum
837 2643 1054 2738 extensum,
1085 2643 1191 2752 quod
1209 2637 1385 2750 primirm
1400 2661 1579 2721 tenerum
1598 2645 1637 2722 ὅσ
1657 2641 1842 2734 albicans,
1872 2643 1961 2723 dein
1980 2671 2074 2722 cum
2095 2644 2256 2740 saccum,
2281 2675 2386 2754 quo·

654 2783 733 2863 que
763 2755 961 2835 duriolum
993 2781 1036 2832 ac
1069 2754 1176 2832 velut
1205 2754 1422 2832 coriaceum
1460 2753 1528 2846 est,
1558 2753 1690 2861 estque
1720 2771 1806 2832 tum
1837 2755 1945 2834 velut
1987 2754 2123 2862 lingua
2150 2756 2386 2866 distinguens

652 2867 827 2944 frustum
848 2867 888 2945 in
909 2865 989 2944 duo
1008 2863 1283 2956 loculamenta,
1305 2864 1346 2941 in
1366 2865 1510 2972 quibus
1530 2865 1689 2972 fingulis
1704 2863 1852 2944 ¹semina
1865 2867 2069 2944 innumera
2093 2868 2369 2950 continentum

711 2977 854 3058 Semina
894 2994 1026 3054 autern
1059 2975 1330 3054 lato-rotunda
1361 2977 1401 3054 δι
1435 2975 1544 3054 valde
1577 2975 1692 3085 plana
1728 2975 1792 3052 seu
1825 2974 2038 3084 compressa
2064 3003 2159 3057 cum
2194 2981 2386 3060 umbilico

652 3085 900 3197 longiusculo
919 3086 1213 3166 membranaceo
1233 3083 1425 3164 albicante
1439 3084 1644 3164 involucro
1669 3087 1823 3177 anicia,
1853 3089 1892 3166 δι
1915 3087 1990 3165 lata
2009 3088 2236 3167 membrana
2252 3091 2384 3198 pellu-

650 3199 739 3278 cida
757 3197 948 3278 albicante
967 3198 1258 3289 circumcinsia,
1283 3197 1493 3304 jacentque
1511 3195 1679 3275 seriatim
1708 3197 1749 3273 in
1783 3196 1947 3303 planum
1980 3197 2020 3274 in
2053 3196 2131 3300 suis
2155 3199 2382 3296 involucris,

650 3309 725 3388 alia
757 3307 936 3419 proximi
969 3308 1017 3388 ad
1051 3335 1184 3403 unam,
1215 3308 1289 3386 alia
1317 3306 1365 3386 ad
1391 3306 1551 3388 alteram
1581 3334 1690 3386 oram
1703 3344 1717 3399 ς
1749 3306 1892 3386 nudata
1916 3307 1993 3386 suis
2013 3307 2223 3390 involucris
2249 3313 2384 3392 viridia

649 3421 738 3504 sunt
756 3424 796 3502 br
815 3420 938 3507 densae
957 3422 1097 3515 carnis,
1126 3419 1268 3529 saporis
1289 3417 1450 3502 nullius.

1237 3549 1279 3627 V
1296 3549 1327 3626 I
1348 3546 1386 3624 R
1415 3546 1452 3625 E
1481 3546 1510 3626 8
1565 3546 1602 3624 E
1629 3544 1669 3655 J
1698 3544 1739 3626 U
1760 3545 1801 3627 S.

722 3662 844 3743 Ortex
867 3659 1012 3739 arboris
1046 3658 1159 3737 servit
1190 3682 1262 3765 pro
1292 3652 1576 3735 consolidandis
1608 3654 1848 3735 fracturis&
1874 3652 2035 3735 scissuris
2064 3657 2178 3738 tritus
2210 3662 2251 3739 ie
2289 3688 2382 3743 cum

755 3772 846 3851 vino
865 3769 1071 3878 apposrtus.
1132 3766 1256 3846 Radix
1274 3766 1315 3843 in
1340 3766 1500 3843 decocto
1532 3764 1619 3842 data
1637 3765 1678 3843 in
1704 3762 1879 3874 hydrope
1897 3766 2060 3873 prodest.
2121 3770 2258 3851 Eadem
2285 3800 2381 3853 cum

647 3882 736 3963 oleo
754 3882 912 3963 decodia
943 3878 989 3959 ad
1020 3906 1064 3958 ca
1093 3878 1157 3957 itis
1191 3874 1438 3983 corporisque
1468 3873 1570 3953 male
1597 3872 1722 3953 affecti
1743 3879 1970 3957 unitionem
1998 3874 2218 3961 adhibetur.
2276 3884 2383 3965 Folia

648 3992 791 4074 tenella
823 3991 912 4073 trita
941 3994 981 4071 ὄσ
1012 4015 1211 4069 unacum
1241 3990 1353 4067 Groco
1386 3984 1619 4069 Malabarica
1647 3985 1842 4066 ulceribus
1879 3987 2035 4067 admota
2067 3989 2114 4068 ad
2147 3991 2383 4075 sanationem

648 4102 869 4185 conferunt.

1369 4208 1537 4289 FJG.
1597 4236 1665 4313 44.

690 4320 874 4387 Mirandum
885 4322 966 4386 banc
982 4322 1134 4397 arborem,
1157 4314 1355 4399 Ceylanafibar
1370 4338 1494 4401 quoque
1532 4316 1639 4380 nostris
1657 4318 1823 4381 Autaribus
1836 4317 1985 4395 exhibita,
2007 4320 2067 4383 alia
2080 4321 2380 4402 expiscarinoorsurn

646 4406 705 4474 elle
720 4410 909 4493 indigenam,
922 4409 986 4487 ejus
1001 4403 1115 4489 srliquae
1132 4402 1200 4467 inde
1211 4404 1246 4466 ad
1265 4424 1313 4464 me
1324 4400 1497 4465 transmissa·
1531 4403 1665 4479 licuerit,
1698 4403 1867 4465 vocandam
1894 4404 2014 4479 censeo,
2064 4405 2198 4469 Aram
2219 4404 2380 4493 si'iquasam

646 4492 816 4557 testantur:
840 4492 994 4557 adhaerent
1009 4491 1070 4554 illae
1085 4504 1216 4573 quatuor
1232 4482 1494 4631 unipediculm&
1532 4484 1755 4561 Masabaricam,
1777 4488 1886 4549 cordato
1895 4487 1981 4573 sosia,
1996 4492 2107 4577 flattu
2128 4491 2248 4556 maxima
2271 4493 2379 4579 oblongo

647 4594 708 4643 tres
724 4578 818 4641 serme
846 4578 935 4659 pedes
955 4576 1172 4661 longitudine,
1197 4572 1284 4635 lauru
1309 4570 1358 4632 ine
1380 4584 1497 4645 autem,
1528 4572 1624 4655 plana,
1637 4572 1963 4657 seniaemenrsraaacea.

645 4662 807 4727 dimidium
821 4678 957 4744 aequanr.
1003 4662 1086 4725 Cum
1103 4674 1205 4721 autern
1221 4671 1329 4740 prater
1343 4657 1502 4721 nominas

714 4974 1091 5047 BIGNONIA
1156 4975 1431 5045 INDICA·
1806 4978 2099 5065 Namnspmfiun.

943 5114 1004 5158 cu
1029 5114 1052 5159 a
1077 5114 1091 5157 s
1116 5115 1130 5157 s
1154 5112 1166 5157 1
1190 5116 1204 5156 s
1572 5084 1806 5189 Bignoniaefoh
1837 5088 2023 5173 bipinnaris:
2047 5090 2146 5159 solius.
2174 5094 2377 5180 integerrimis

646 5224 979 5271 urornnnrrn
1025 5220 1293 5269 nnorosrr
1317 5221 1340 5267 ι
1364 5220 1393 5266 ra
1417 5222 1430 5267 1
1455 5220 1490 5265 a.
1529 5189 1835 5239 ⁰V²¹¹³²⁰¹¹¹¹¹¹¹¹²l¹⁸·

1796 5295 1943 5378 synonyma
1962 5292 2119 5359 amborum.

899 5373 1057 5441 ‘'mm''
1072 5376 1223 5457 s‘l‘sl‘m·
1576 5390 1730 5479 Bignonia
1744 5394 1824 5457 soliis
1837 5395 2021 5477 bipinnatis:
2038 5394 2151 5459 foliolis
2166 5398 2292 5485 integris
2307 5400 2377 5465 sub·

685 5493 757 5559 Cal.
776 5488 905 5578 5-fidus,
927 5489 1148 5577 cyathisormis.
1176 5482 1251 5549 Cor.
1269 5484 1489 5567 saucecampa·
1534 5480 1666 5543 cordatis
1681 5480 1790 5543 acutis.
1832 5476 1879 5541 Fi.
1895 5478 2062 5561 zeyl.a36.

643 5580 760 5658 nulata,
784 5574 894 5665 5-fida,
916 5577 1020 5640 subtus
1041 5572 1220 5638 ventricosa.
1265 5570 1382 5653 Siliqua
1405 5568 1489 5635 2·lo-
1574 5565 1678 5627 Arbor
1715 5562 1855 5664 sliquosa
1887 5564 2080 5641 malabarica,
2115 5568 2242 5631 cordato
2287 5566 2376 5648 solio,

646 5665 769 5733 colaris.
814 5663 896 5728 Sem.
911 5657 1250 5725 membranaceo-alata.
1525 5648 1626 5715 srusiu
1641 5671 1777 5715 maximo
1790 5650 1928 5737 oblongo
1943 5650 2046 5732 plano.
2089 5647 2160 5738 Raj.
2172 5650 2241 5717 bist·
2259 5674 2354 5739 1741·

1877 6078 2373 6187 PAJANELL
