6092 6950
948 698 1908 860 Mnunsnnrcus
2277 789 2339 884 η

580 977 617 1062 B
637 974 770 1062 medio
787 975 942 1062 Floras
964 995 1015 1058 ex
1044 972 1240 1054 umbilico
1267 972 1416 1055 fruitus
1455 973 1632 1083 quinque
1659 975 1947 1056 stannatum
1977 973 2075 1080 Stylo
2099 971 2241 1081 oblongo
2268 1001 2339 1051 ex-

523 1086 713 1200 surgunt:
749 1085 918 1276 Stoma
935 1087 1060 1168 cretea
1075 1083 1205 1194 piam,
1235 1088 1275 1166 de
1303 1084 1393 1179 lata,
1423 1113 1467 1168 ac
1486 1113 1626 1196 parum
1646 1085 1829 1176 craffiola,
1860 1085 1950 1163 sunt
1974 1083 2145 1192 ejusdem
2163 1084 2339 1192 longitu-

522 1201 641 1293 dinis)
670 1203 711 1284 ὅ(
737 1225 811 1280 call
840 1197 853 1279 l
903 1255 915 1276 ι
1878 1259 1881 1264 .

580 1313 705 1421 Stylut
734 1308 940 1401 Rotrtndus,
970 1306 1126 1400 crassus,
1153 1305 1365 1416 oblongus,
1396 1310 1507 1420 supra
1531 1307 1693 1394 flamina
1735 1307 1858 1388 ferme
1894 1305 2056 1385 dinridia
2094 1303 2341 1412 longitudine

522 1423 717 1515 eminens,
743 1448 790 1506 ac
815 1418 911 1524 solia
929 1417 1102 1527 oblonga
1119 1419 1366 1526 longitudine
1392 1421 1516 1502 ferme
1541 1446 1709 1528 aqum,
1739 1414 1899 1498 inscribe
1925 1416 2090 1508 craffior,
2120 1416 2260 1494 coloris
2279 1413 2338 1494 al·

525 1533 691 1620 biensis
709 1535 751 1616 dt
772 1529 1024 1622 rubescentis,
1052 1532 1096 1612 in
1118 1532 1260 1613 vertice
1286 1559 1368 1614 uno
1392 1533 1498 1614 nodo
1517 1531 1647 1624 cratin
1664 1531 1796 1638 plano,
1816 1529 1999 1620 rotundo,
2030 1555 2074 1606 ac
2103 1525 2211 1606 velut
2229 1553 2340 1606 cereo

523 1641 764 1728 &nonnihil
778 1669 831 1725 en
847 1640 941 1723 albo
956 1639 1068 1724 fusco
1079 1639 1250 1723 dotatus.
2381 1639 2386 1646 '

580 1757 708 1840 Floret
724 1754 796 1868 qui
823 1753 982 1836 nullum
1010 1751 1186 1836 furnum
1210 1754 1305 1836 dant
1331 1756 1525 1865 prioribus
1559 1753 1682 1837 ferme
1714 1751 1871 1845 srmiles,
1901 1751 1965 1832 sed
1998 1746 2180 1830 nonnihil
2211 1749 2259 1828 ab
2291 1749 2338 1828 iis

523 1864 761 1958 differentes,
790 1865 1008 1950 constuites
1025 1861 1182 1946 mutiam
1200 1866 1356 1948 duobus
1375 1865 1634 1946 albicantibus
1652 1863 1772 1955 soliis,
1803 1891 1884 1942 uno
1903 1861 2090 1971 oblongo,
2112 1861 2279 1940 surrecto
2299 1861 2339 1940 bt

524 1973 707 2059 interiora
729 1975 856 2060 versus
885 1980 1098 2070 contraibo,
1127 2005 1172 2056 ac
1193 1975 1356 2088 superuis
1391 1980 1433 2058 in
1469 1979 1646 2086 quinque
1678 1974 1852 2084 cuspides
1890 1974 2017 2066 flavas,
2048 1997 2214 2080 quarum
2253 1970 2339 2049 dun

522 2086 724 2172 interiores
742 2086 980 2197 augeuuotes
998 2088 1102 2181 sunt,
1132 2088 1267 2183 inciso,
1297 2090 1406 2198 quod
1438 2091 1480 2168 in
1515 2089 1619 2168 foliis
1653 2085 1846 2194 prioribus
1875 2084 1929 2164 est
1961 2083 2269 2192 tricuspidatum,
2299 2077 2340 2160 bt

524 2198 647 2281 altero
677 2197 970 2280 folliculiformi
994 2200 1103 2279 tenui
1127 2201 1286 2292 minori,
1317 2201 1425 2309 quod
1457 2200 1479 2279 ὲ
1512 2197 1610 2278 folio
1636 2198 1774 2304 majori
1801 2195 2088 2276 circumvoluto
2108 2192 2337 2284 includitur,

524 2309 633 2416 quod
659 2309 768 2390 idem
786 2310 842 2390 est
867 2327 913 2391 ut
930 2308 1229 2390 folliculisorme
1242 2311 1388 2390 folium
1416 2313 1458 2390 in
1483 2310 1677 2420 prioribus
1703 2307 1878 2400 floribus,
1909 2305 1972 2385 sed
1998 2301 2129 2384 minus
2159 2303 2340 2414 amplum

523 2447 569 2500 ec
593 2420 712 2500 etiarn
737 2420 935 2529 liquorem
956 2419 1189 2501 subdulcem
1208 2424 1430 2505 continens.

578 2532 763 2623 manna,
791 2559 879 2639 qun
911 2532 954 2611 in
986 2529 1092 2612 hisce
1124 2559 1283 2641 quoque
1311 2536 1486 2642 quinque
1519 2529 1695 2624 candida,
1725 2530 1789 2610 sed
1814 2529 1985 2664 oblonga
2003 2525 2105 2620 sunt,
2135 2525 2259 2606 ferme
2290 2525 2339 2604 ad

522 2641 676 2724 nodum
690 2641 779 2748 styli
795 2642 1054 2751 exsurgentia,
1066 2640 1226 2724 infertur
1241 2644 1458 2724 nitentia&
1474 2642 1709 2734 rotundiola,
1740 2645 1779 2720 be
1795 2641 1956 2750 superne
1974 2639 2089 2747 plana
2115 2661 2158 2716 ac
2178 2632 2339 2715 interiise

523 2753 710 2859 utrinque
738 2751 788 2832 ad
812 2779 899 2834 otas
923 2753 1056 2833 sutura
1078 2755 1277 2833 eminente
1293 2755 1402 2836 fusca
1418 2755 1541 2835 oblita
1554 2791 1567 2848 ς
1598 2752 1717 2860 stylus
1742 2751 1952 2858 oblongus,
1971 2745 2123 2842 crassus,
2151 2747 2339 2839 albicans,

522 2883 607 2940 uno
632 2860 736 2942 nodo
754 2861 871 2942 crasso
896 2861 1026 2943 striato
1044 2864 1099 2943 est
1117 2866 1298 2945 dotatus:
1331 2867 1419 2948 sunt
1438 2886 1569 2945 autem
1589 2862 1633 2942 hi
1660 2864 1771 2943 flores
1791 2859 1888 2972 pede
1907 2859 2145 2952 rotundiulo,
2178 2857 2336 2952 unciali,

523 2971 642 3055 denso
666 2975 707 3052 dt
732 2973 903 3066 carnoso,
934 2975 1007 3082 qui
1029 2977 1198 3056 exterius
1225 2979 1267 3056 dt
1297 2979 1403 3058 intus
1433 2977 1487 3056 est
1504 2975 1689 3067 albicans,
1719 3001 1763 3053 ac
1792 2974 2048 3052 tenerrimum
2066 2967 2214 3049 fruetds
2248 2997 2338 3078 ger-

523 3108 620 3166 men
648 3081 831 3175 reserens,
861 3085 1092 3180 connata,
1122 3115 1168 3166 ac
1199 3083 1269 3167 suo
1297 3088 1396 3199 pede
1431 3088 1480 3167 ad
1505 3113 1656 3214 ungues
1688 3085 1877 3168 foliorum
1903 3081 2132 3162 caniformis
2160 3079 2337 3188 capituli,

525 3194 635 3299 quod
651 3221 720 3274 eos
743 3194 927 3288 includit,
956 3195 1303 3280 serniannularibus
1332 3199 1609 3279 extuberanuis
1635 3197 1757 3276 caulis
1787 3194 1952 3275 seriebus
1977 3193 2101 3273 ferme
2127 3191 2229 3270 binis
2254 3191 2339 3269 sur-

523 3306 618 3493 listi
637 3331 681 3387 ac
707 3304 826 3387 dense
845 3306 894 3386 ad
930 3308 970 3389 se
998 3311 1171 3390 invicem
1198 3311 1347 3416 juncti,
1373 3311 1595 3404 insidentes,
1616 3337 1660 3388 ac
1691 3307 1826 3388 oculos
1846 3303 2056 3386 albicantes
2090 3299 2245 3380 decidui
2274 3325 2339 3379 re-

557 3441 583 3493 n
614 3433 763 3497 uentes.

566 3442 745 3607 iruna
772 3526 815 3603 in
836 3528 904 3604 suo
930 3530 1044 3605 Caede
1067 3529 1257 3608 fasciatim
1282 3530 1348 3607 seu
1367 3532 1498 3637 plures
1526 3528 1793 3636 congregatim
1824 3525 2060 3636 proveniunt
2088 3520 2338 3603 inferioribus
2368 3572 2370 3581 ‚

523 3634 873 3717 semiannularibus
888 3635 1165 3717 extuberantiis
1185 3637 1321 3731 caulis,
1351 3666 1438 3746 quae
1452 3666 1500 3718 eo
1518 3638 1759 3721 excrescente
1775 3636 1890 3717 latius
1906 3634 2168 3727 deducuntur,
2197 3636 2237 3714 dt
2251 3634 2335 3742 quia

523 3746 658 3853 magni
690 3745 890 3825 inferiores
927 3745 1030 3839 sunt,
1060 3746 1108 3826 eb
1139 3746 1274 3826 latiore
1310 3749 1513 3833 intervallo
1542 3750 1695 3842 distant,
1725 3748 1856 3861 positis
1887 3746 2053 3827 seriebus
2079 3744 2201 3829 ferme
2228 3744 2331 3826 binis

523 3857 655 3967 plures
675 3874 720 3935 ut
744 3854 968 3951 duodecim,
998 3856 1343 3967 quatuordecimvs
1357 3860 1448 3969 plus
1467 3863 1599 3946 minus
1622 3860 1669 3941 ad
1689 3859 1912 3941 seinvicem
1933 3854 2088 3941 surrent
2110 3853 2330 3951 insidentes,

524 3968 629 4052 acin
652 3994 809 4061 novem,
831 3968 1015 4051 decemve
1032 3962 1220 4054 distiuilis
1245 3969 1449 4054 ordinibus
1467 3971 1557 4081 plus
1573 3972 1705 4055 minus
1725 3972 1877 4055 caulem
1896 3968 2201 4058 circurustarrtes,
2220 3964 2330 4047 sunt-

524 4104 604 4186 que
621 4078 785 4187 oblongi
808 4077 1054 4269 longimdine
1078 4080 1168 4197 plus
1188 4082 1320 4161 minus
1338 4085 1456 4165 unius
1476 4080 1690 4207 spithamas,
1720 4108 1815 4161 cum
1834 4080 1976 4159 maturi
1999 4079 2087 4157 sunt
2111 4078 2244 4155 minus
2258 4103 2331 4155 an-

522 4188 648 4297 gulati
666 4189 732 4268 seu
750 4206 866 4269 rotun
897 4191 923 4286 ',
953 4190 1169 4271 constantes
1195 4194 1339 4271 cortice
1347 4190 1550 4303 equabus,
1563 4192 1767 4284 ‘emffiolu
1798 4190 1965 4271 exterius
1994 4186 2106 4284 flavo,
2128 4212 2222 4267 cum
2250 4186 2331 4267 im-

525 4300 670 4378 maturi
693 4300 798 4395 sunt,
816 4302 933 4382 intus
962 4300 1084 4411 pulpa
1111 4300 1220 4399 flava,
1251 4303 1377 4397 densa,
1397 4304 1437 4387 bt
1466 4304 1595 4396 molli,
1625 4332 1667 4383 ac
1689 4302 1884 4394 unctuosa,
1916 4328 2001 4408 quae
2036 4298 2175 4407 saporis
2205 4296 2332 4379 dulcis

525 4412 566 4489 bt
583 4412 746 4518 gratiae
766 4411 815 4491 ad
839 4414 996 4491 corticis
1015 4414 1240 4492 interiorem
1258 4414 1502 4524 superficiem
1526 4442 1640 4495 carne
1656 4414 1787 4492 minus
1817 4410 1930 4491 densa
1947 4411 2012 4488 seu
2032 4408 2251 4517 fungosa&
2270 4408 2330 4487 al·

526 4519 681 4599 bicante
698 4520 875 4615 obducti,
904 4522 1142 4603 transversim
1171 4524 1261 4605 sedi
1291 4523 1471 4605 incarne
1501 4543 1593 4604 nota
1620 4524 1742 4635 magis
1763 4522 1868 4604 fusca
1888 4524 1950 4601 sen
1979 4519 2064 4604 mfa'
2088 4521 2196 4599 velut
2224 4520 2333 4629 figno

524 4631 653 4709 crucis
681 4631 924 4725 interstinili,
954 4661 999 4712 ac
1027 4635 1226 4743 punsiulis
1251 4632 1347 4715 hinc
1375 4636 1466 4715 inde
1494 4636 1773 4745 nigricantibus
1795 4630 2111 4742 consperstgcum
2131 4632 2333 4711 immaturi

524 4740 629 4833 sunt,
659 4742 782 4850 magis
811 4743 997 4853 angulati,
1028 4747 1173 4825 cortice
1200 4746 1328 4843 viridi,
1359 4749 1442 4855 qui,
1473 4775 1567 4825 cum
1589 4748 1786 4825 tenerrimi
1817 4745 1919 4839 sunt,
1950 4744 2124 4853 primum
2157 4742 2210 4820 est
2229 4740 2332 4819 albi-

524 4877 631 4943 cans,
662 4853 768 4931 intus
797 4852 918 4963 pulpa
935 4854 1067 4934 minus
1086 4856 1214 4950 molli,
1245 4861 1285 4938 δε
1314 4857 1520 4952 albicante,
1542 4886 1585 4937 ac
1605 4857 1744 4967 saporis
1771 4854 2053 4967 adstringentis,
2083 4880 2127 4932 ac
2156 4850 2331 4960 expreffi,

524 4958 722 5071 liquorem
738 4962 971 5045 exstillantes
999 4966 1224 5075 spiffrorem,
1241 4969 1488 5062 unc'tuosurm
1509 4997 1553 5047 ac
1572 4968 1775 5061 viscidum,
1806 4968 1934 5081 quiin
1956 4992 2130 5076 pannum
2151 4962 2332 5045 decidens

526 5096 619 5151 eum
642 5072 769 5151 inficit
793 5074 959 5165 macula,
990 5102 1077 5183 quae
1099 5078 1210 5157 nullo
1229 5081 1386 5187 negotio
1410 5081 1491 5162 elui
1509 5080 1646 5189 potest.
1913 5166 1916 5171 ,

526 5292 553 5373 s
583 5185 724 5294 Fascia
741 5180 886 5267 horum
906 5188 1114 5269 Frutluum
1145 5191 1188 5269 in
1215 5217 1295 5272 uno
1319 5191 1429 5271 caule
1456 5190 1650 5272 ordinario
1670 5209 1744 5271 tres
1762 5188 1877 5299 pedes
1897 5188 1985 5298 plus
2001 5188 2132 5269 minus
2153 5184 2335 5297 oblongae

544 5310 630 5373 unt.

586 5407 729 5487 Semina
746 5408 788 5489 in
807 5407 854 5488 iis
869 5410 1135 5493 communiter
1153 5410 1276 5493 nulla.

1145 5527 1186 5605 V
1206 5528 1235 5605 Ι
1255 5527 1294 5604 R
1322 5526 1359 5609 Ε
1389 5528 1417 5605 S
1486 5528 1523 5607 Ε
1552 5528 1591 5637 J
1619 5526 1659 5607 U
1682 5528 1722 5607 S.

609 5628 720 5708 Adire
741 5632 908 5709 contrita
931 5632 973 5712 bt
1001 5650 1116 5742 epota
1139 5635 1181 5712 in
1204 5635 1302 5714 lasie
1323 5637 1555 5750 vertiginem
1580 5640 1715 5746 capitis
1746 5633 1847 5715 sedat
1858 5672 1871 5731 ς
1903 5634 1985 5741 ejus
2014 5661 2114 5745 aqua
2137 5656 2231 5713 cum
2251 5629 2334 5712 sac*¹

637 5736 755 5818 charo
787 5743 979 5857 permixta
1011 5744 1184 5852 proficue
1219 5746 1392 5826 ebibitur
1415 5776 1486 5858 pro
1511 5748 1644 5829 ardore
1677 5774 1831 5841 renum,
1862 5748 1959 5853 quin
1993 5748 2032 5825 ἂ
2068 5742 2203 5829 eadem
2235 5766 2334 5851 aqua

531 5848 759 5961 simpliciter
785 5872 898 5959 epota
931 5883 1001 5963 pro
1027 5854 1228 5941 doloribus
1258 5886 1306 5938 ex
1338 5860 1448 5939 urina
1472 5860 1620 5942 obortis
1650 5858 1816 5951 confert,
1847 5858 2036 5964 daturque
2063 5851 2237 5969 proficue
2270 5854 2333 5947 iis,

532 5990 705 6069 quorum
728 5985 870 6071 corpus
889 5975 1050 6074 argento
1075 5970 1165 6047 vivo
1192 5969 1375 6050 distillate
1394 5971 1586 6052 infectum
1611 5972 1678 6065 est,
1710 5990 1754 6050 ut
1787 5974 1826 6049 bt
1856 5969 1902 6047 iis
1922 5970 1992 6075 qui
2017 5968 2117 6046 inter
2134 5967 2332 6045 edendum

531 6073 692 6183 capillos
725 6073 958 6155 hauserunt:
990 6078 1194 6160 corculum
1225 6081 1369 6162 arboris
1395 6081 1491 6192 puta
1508 6082 1661 6161 caulem
1681 6082 1929 6173 albicantem,
1960 6080 2027 6190 qui
2052 6078 2225 6159 fruslum
2244 6076 2334 6168 fert,

529 6188 671 6267 tritum
698 6191 739 6267 bt
767 6214 862 6269 cum
895 6187 1013 6266 melle
1043 6190 1148 6270 intus
1171 6191 1372 6303 sumptum
1398 6194 1510 6273 malis
1549 6193 1755 6273 oculorum
1779 6193 1975 6286 convenit,
2005 6191 2053 6269 ad
2078 6190 2186 6299 quod
2218 6189 2337 6278 etiam

532 6296 645 6433 servit
668 6298 858 6408 butyrum
881 6302 924 6382 in
943 6328 1023 6412 quo
1042 6300 1190 6385 fructus
1211 6304 1274 6385 seu
1303 6305 1369 6385 fici
1398 6306 1439 6384 in
1465 6304 1584 6386 frusta
1608 6304 1697 6389 secti
1723 6304 1811 6386 tosti
1830 6303 1932 6402 sunt,
1962 6321 2138 6415 epotum.

1363 6418 1460 6499 oz
2243 6358 2355 6494 aar}
