6092 6950
1584 570 1601 623 A

777 859 842 956 82
1293 846 1913 947 Hostbus

832 1070 992 1150 Gemmae
1008 1069 1161 1152 Florum
1182 1062 1554 1172 oblongo-rotunda
1575 1061 1616 1142 δι
1634 1063 1795 1159 conicae,
1824 1087 1868 1143 ac
1887 1062 1988 1143 inter
2006 1057 2237 1168 pediculum
2263 1059 2425 1169 angusto

773 1179 924 1261 circulo
947 1179 1171 1260 constricta.

832 1314 1009 1403 Fructus,
1036 1311 1105 1420 qui
1133 1309 1264 1419 plures
1291 1307 1558 1416 congregatim
1593 1305 1756 1388 surculis
1787 1307 2021 1418 appendent,
2052 1283 2141 1386 sunt
2171 1305 2318 1416 filiquae
2346 1309 2422 1388 ob·

776 1422 904 1530 longae
927 1421 1106 1501 cubitum
1138 1420 1264 1501 ferme
1298 1419 1440 1526 longae,
1471 1445 1558 1525 quae
1587 1419 1770 1527 angusta,
1800 1418 2036 1529 compressae,
2067 1446 2111 1497 ac
2131 1418 2285 1511 virides,
2316 1419 2422 1498 intus
2454 1453 2458 1460 ·

719 1611 723 1622 ,
773 1533 874 1612 laste
893 1531 1031 1641 plenae,
1060 1533 1102 1609 in
1122 1530 1158 1610 se
1178 1530 1427 1608 recondentes
1444 1555 1562 1638 parvo
1580 1530 1782 1610 numerosa
1810 1530 1955 1610 semina
1973 1530 2101 1637 plana,
2120 1526 2305 1636 oblonga,
2328 1556 2423 1607 cum

658 1639 663 1650 ’
776 1645 842 1724 sua
859 1640 1105 1752 longitudine
1118 1641 1289 1748 jacentia
1307 1641 1349 1718 in
1365 1639 1616 1748 longitudine
1634 1640 1875 1750 siliquarum,
1905 1665 1950 1720 ac
1964 1667 2014 1720 ex
2032 1639 2213 1719 anteriori
2228 1642 2267 1718 δι
2292 1639 2421 1748 poste-

777 1753 869 1833 riori
889 1752 1005 1831 oculo
1024 1750 1258 1861 penicillum
1287 1769 1561 1860 argenteorum
1582 1749 1872 1832 filamentorum
1899 1751 2062 1858 ejiciunt
2081 1751 2122 1830 in
2143 1777 2262 1830 unam
2287 1749 2423 1832 seriem

776 1891 845 1975 per
860 1861 1056 1944 filamenta
1070 1863 1279 1972 implicita,
1307 1863 1346 1940 dc
1372 1861 1501 1940 colore
1530 1859 1769 1942 viridi-flbvo
1785 1861 1849 1942 seu
1866 1860 1955 1941 rufo
1970 1862 2071 1941 sunt.

832 1999 932 2080 Haec
951 1996 1064 2076 arbor
1084 2014 1168 2076 toto
1188 1989 1305 2077 latret
1323 1995 1391 2092 est,
1422 1999 1589 2108 quod&
1609 2001 1753 2080 caeteris
1782 1999 1981 2111 speciebus
2001 2000 2055 2081 est
2082 2024 2307 2080 commune.

831 2143 958 2224 Floras
974 2139 1050 2222 fert
1071 2139 1188 2220 semel
1212 2143 1252 2220 in
1279 2167 1381 2220 anno
1399 2142 1440 2220 in
1460 2142 1666 2252 Januario.

1319 2364 1591 2448 crans
1656 2366 1892 2476 sJus

637 2504 639 2513 '
777 2493 971 2646 Cortex
987 2487 1069 2593 ejus
1090 2484 1250 2564 tusus&
1271 2484 1313 2563 in
1330 2483 1489 2566 decosto
1509 2486 1620 2566 datus
1641 2487 1875 2570 commodus
1900 2485 1955 2566 est
1973 2488 2099 2567 uentri
2121 2485 2317 2586 leniendo,
2342 2489 2423 2568 sto-

864 2596 1006 2678 macho
1018 2595 1235 2674 roborando
1246 2594 1476 2708 flatibusque
1490 2596 1739 2678 discutiendis
1751 2627 1794 2679 ac
1806 2599 2005 2679 ardoribus
2017 2600 2161 2705 jecoris
2180 2601 2421 2709 restinguen-

684 2769 690 2783 .
775 2708 861 2803 dis,
891 2710 997 2790 idem
1016 2709 1057 2786 in
1078 2707 1237 2786 decocto
1264 2707 1373 2788 datus
1394 2707 1528 2788 addito
1548 2728 1752 2789 momento
1771 2711 1856 2790 salis
1876 2713 1915 2789 de
1941 2711 2084 2818 piperis
2114 2709 2302 2791 stomachi
2321 2739 2420 2792 con-

776 2823 997 2901 coctionem
1016 2817 1184 2926 adjuvat.
1243 2817 1342 2900 Idem
1361 2820 1533 2899 tritus&
1554 2819 1779 2928 srmpliciter
1797 2823 1838 2901 in
1859 2849 1958 2929 aqua
1976 2820 2100 2900 calida
2117 2841 2254 2931 epotus
2270 2821 2422 2932 prodest

778 2933 821 3012 in
840 2930 947 3011 febre
966 2929 1121 3040 frigida,
1152 2931 1192 3008 be
1221 2925 1299 3008 hoc
1325 2930 1446 3011 modo
1477 2931 1596 3010 etiam
1626 2929 1843 3014 lumbricos
1872 2949 2019 3011 enecat.
2079 2931 2178 3014 Idem
2198 2935 2309 3013 tritus
2344 2931 2422 3013 und

777 3069 870 3122 cum
891 3044 1047 3151 aqua&
1078 3038 1197 3118 ulceri
1222 3041 1415 3150 apposrtus
1433 3042 1481 3121 ad
1508 3043 1592 3148 ejus
1617 3042 1852 3122 sanationem
1883 3044 2224 3150 &purgationem
2254 3042 2420 3136 confert,
2535 3092 2541 3098 ·

642 3187 647 3194 ·
727 3255 731 3262 ἱ
776 3155 858 3262 qu'o
888 3154 1008 3232 modo
1037 3150 1239 3260 usurpatus
1267 3154 1386 3232 etiam
1405 3151 1558 3262 prodest
1576 3179 1647 3260 pro
1665 3152 1797 3232 dolore
1824 3150 2039 3234 arthritico.
2098 3155 2254 3236 Corticis
2273 3155 2423 3234 decocti

776 3291 895 3374 vapor
913 3281 1096 3372 exceptus
1116 3262 1157 3340 in
1177 3279 1282 3371 parte
1303 3262 1437 3342 affecta
1462 3261 1638 3341 dolorem
1658 3263 1828 3372 mitigat.
1887 3263 1985 3344 Idem
2000 3265 2147 3345 Cortex
2167 3292 2261 3345 cum
2276 3264 2423 3344 semine

777 3375 1039 3505 ‘Codri-Parin
1064 3377 1197 3455 costus
1223 3374 1266 3454 in
1296 3373 1384 3454 oleo
1414 3373 1572 3453 auribus
1592 3369 1694 3453 male
1714 3375 1778 3454 seu
1797 3375 1961 3487 graviter
1985 3376 2227 3458 audientium
2246 3375 2422 3487 proficue

774 3488 935 3570 mdrtur.
1456 3600 1496 3681 F
1521 3600 1552 3679 Ι
1574 3600 1624 3679 G·
1683 3600 1752 3702 46·

817 3730 884 3801 Cur
899 3737 947 3799 hae
962 3732 1085 3816 plantet,
1109 3750 1179 3813 quae
1193 3728 1281 3794 Pasae
1295 3732 1420 3795 nomine
1438 3734 1580 3809 veniunt,
1622 3753 1730 3796 omnes
1753 3732 1861 3799 eodem
1878 3733 1971 3800 modo
1996 3734 2045 3798 lac
2068 3736 2202 3818 prebere
2214 3740 2351 3807 viderent
2374 3745 2423 3806 in·

775 3818 830 3885 sub
855 3842 916 3885 una
936 3819 1104 3901 eademque
1130 3813 1231 3879 Classe
1249 3816 1394 3890 militent,
1415 3816 1468 3879 vix
1492 3838 1580 3880 com·
1620 3817 1710 3892 colae,
1733 3819 1807 3881 binc
1819 3820 1856 3882 ad
1873 3842 1969 3885 unum
1984 3840 2081 3905 genus
2094 3824 2273 3889 retulerint:
2298 3830 2422 3891 vocabi·

776 3902 960 3989 prehendere
974 3902 1102 3987 possum,
1123 3920 1196 3961 curn
1212 3914 1278 3963 toto
1289 3898 1371 3963 coelo
1384 3902 1462 3963 inter
1479 3900 1508 3962 se
1520 3900 1580 3964 dis·
1621 3916 1673 3965 tur
1686 3902 1760 3987 ergo
1769 3904 1859 3967 nobis
1873 3908 1967 3988 prior,
1991 3904 2084 3969 Arbor
2094 3905 2291 3988 Malabarica,
2312 3910 2422 3977 Pam.

776 3990 888 4070 serant,
913 4004 949 4053 ut
974 4010 1012 4053 ex
1041 3986 1137 4061 soliis,
1163 3984 1249 4062 flore,
1273 3984 1435 4049 &semine
1462 3984 1579 4068 liquet:
1619 3984 1734 4072 phyllos,
1756 3988 1908 4075 masters,
1919 3990 2180 4078 ſsliquiraugrfiis,
2202 3994 2368 4085 longiffimis,

775 4077 877 4141 ansam
904 4075 1004 4158 potuit
1030 4074 1102 4139 buic
1124 4070 1166 4133 rel
1193 4069 1361 4153 praebuisse,
1397 4068 1479 4155 quod
1507 4068 1579 4134 ciun
1610 4098 1616 4137 ι

779 4386 1266 4459 rneesunnrournnn
1309 4388 1589 4459 c1rn1ronm.
1863 4396 2190 4481 synonymarum

1048 4508 1068 4551 ⁰
1092 4506 1112 4553 t
1138 4510 1161 4553 Α
1185 4510 1198 4552 ⁵
1222 4510 1236 4553 ⁸
1260 4510 1273 4553 1
1297 4511 1311 4555 ⁵
1661 4512 1965 4581 Tabernaemonrana
1979 4514 2060 4579 soliis
2075 4516 2217 4599 oppositis
2232 4522 2341 4599 oratis,
2364 4524 2422 4588 flo-

802 4616 823 4663 ν
841 4616 860 4663 n
877 4614 899 4659 ιι
917 4608 941 4656 'r
960 4610 984 4656 Α
1001 4610 1023 4656 tt
1041 4611 1065 4655 o
1082 4610 1104 4656 tt
1123 4612 1135 4656 r
1152 4611 1177 4656 Α
1222 4610 1250 4655 ιι
1268 4612 1288 4657 o
1304 4612 1326 4657 tt
1342 4614 1364 4659 o
1380 4612 1403 4659 e
1419 4610 1442 4657 t
1459 4611 1481 4657 tt
1498 4612 1510 4657 ι
1529 4611 1565 4657 Α.
1619 4600 1701 4667 ribus
1715 4602 1888 4665 lateralibus
1902 4603 2270 4683 glomerato-umbellam.
2295 4605 2349 4689 Sp.
2363 4606 2409 4673 Pl.

1282 4756 1287 4769 Ι
1664 4686 1967 4750 Tabernaemontana
1995 4683 2075 4749 soliis
2097 4687 2284 4754 lanceolatis.
2329 4692 2422 4759 Hort.
2441 4691 2446 4705 ¹

1018 4756 1175 4819 Charatler
1191 4778 1343 4841 generetur.
1618 4770 1695 4835 cliff.
1713 4771 1767 4852 76.
1790 4770 1870 4854 Roy.
1886 4768 1991 4853 lugdb.
2004 4789 2079 4858 413.

826 4858 988 4928 Contorta.
1020 4856 1164 4921 Follicull
1190 4876 1221 4935 2,
1255 4858 1474 4955 borp'zontales.
1507 4857 1588 4924 Sem.
1662 4854 1965 4920 'l'abernaemontana
1973 4854 2042 4917 citri
2053 4856 2133 4920 soliis
2145 4857 2310 4926 undulatia.
2318 4858 2422 4931 Plum-

782 4948 884 5034 pulpae
897 4943 1022 5011 immas
1038 4991 1045 5006 ,
1617 4962 1690 5027 gen.
1709 4940 1758 5007 18.
1773 4942 1812 5005 ic.
1836 4937 1909 5021 248.
1925 4941 1947 5003 f.
1965 4959 1995 5005 2.

1041 5026 1149 5092 Nomen
1165 5028 1330 5113 specificam.

828 5094 1130 5199 Tabernaemontane
1152 5132 1204 5195 sol.
1225 5130 1366 5217 oppositis
1385 5137 1496 5215 oratis,
1518 5132 1586 5203 dor.
1732 5208 1811 5223 ..
1938 5103 2112 5222 Obs‘Wffle·

784 5220 959 5291 lateralibus
973 5216 1359 5307 glomerato-umbellam:
1661 5207 1787 5275 Habitat
1802 5230 1835 5275 ιιι
1855 5222 1983 5295 utraque
1998 5206 2096 5287 Indu,
2272 5206 2379 5276 me,

2002 5917 2425 6100 ‘cuturn
