6092 6950
786 829 850 928 66
1139 808 2079 924 .HouTu's·

784 1039 991 1124 albicantia
1004 1065 1099 1120 cum
1117 1037 1293 1147 apicibus
1312 1037 1547 1121 rotundiolis
1562 1037 1821 1141 albicantibus
1842 1036 2020 1122 subflavis
2039 1040 2210 1126 emicant
2224 1044 2324 1128 in‘se
2344 1046 2434 1160 glo-

785 1155 927 1236 bulum
944 1151 1124 1244 viridem,
1154 1151 1226 1260 qui
1239 1151 1293 1230 est
1311 1151 1584 1232 rudimentum
1607 1150 1756 1264 fruclus
1781 1150 2095 1260 complectentia.

843 1378 1001 1460 Gemma
1018 1376 1169 1458 Florum
1187 1373 1362 1455 rotundae
1391 1376 1432 1455 dc
1459 1369 1645 1454 nonnihil
1663 1371 1997 1456 viridi-muscosa.

831 1601 1018 1691 ‚Fruilun
1049 1596 1118 1705 qui
1137 1596 1255 1694 ramis
1275 1596 1430 1705 petiolis
1448 1596 1584 1690 curtis,
1600 1597 1741 1692 craflis,
1762 1597 1852 1709 iplis
1867 1597 1984 1676 ramis
2004 1593 2128 1678 ferme
2141 1597 2262 1708 duplo
2281 1603 2436 1686 eraffio-

786 1710 893 1792 ribus
926 1708 1161 1818 appendent,
1191 1733 1235 1786 ac
1270 1707 1391 1817 pandi
1412 1706 1514 1799 sunt,
1545 1709 1704 1788 rotundi
1743 1707 1807 1798 seu
1840 1708 1959 1788 etiam
1994 1709 2169 1819 oblongo
2194 1715 2369 1810 rotundi,
2394 1720 2437 1797 in

785 1820 1006 1902 summitate
1025 1817 1122 1927 saepe
1146 1838 1260 1898 curto
1293 1818 1357 1897 seu
1384 1819 1559 1926 oblongo
1591 1819 1695 1899 nodo
1713 1821 1943 1913 eminentes,
1974 1822 2119 1899 cortice
2148 1820 2314 1905 exteriits
2347 1823 2437 1906 rufo

784 1954 830 2012 ac
857 1930 1033 2010 muscoso
1052 1932 1091 2009 do
1110 1927 1256 2023 scabro,
1285 1929 1391 2008 intus
1410 1929 1538 2023 viridi,
1569 1931 1639 2038 qui
1655 1931 1696 2008 in
1716 1929 1751 2010 se
1776 1928 1946 2011 includit
1964 1957 2006 2012 os
2025 1933 2249 2040 pergrande,
2277 1935 2436 2032 durum,

787 2042 951 2124 crassum
968 2043 1008 2120 dc
1034 2040 1262 2134 subflavum,
1293 2040 1400 2148 quod
1427 2041 1533 2119 intus
1556 2040 1656 2133 alba,
1688 2039 1861 2122 craffiola
1889 2042 1929 2119 de
1954 2042 2106 2121 duriola
2135 2071 2249 2123 carne
2281 2047 2437 2128 abduc-

785 2172 875 2234 tum
900 2151 968 2245 est,
999 2153 1039 2230 de
1077 2152 1119 2230 in
1156 2151 1287 2230 medio
1330 2151 1541 2260 capacitate
1583 2150 1668 2230 satis
1708 2153 1844 2260 grandi
1881 2152 2029 2233 nucleis
2061 2153 2210 2249 decem,
2238 2157 2436 2253 undecim,

785 2263 891 2374 plus,
920 2263 1054 2341 minus
1087 2261 1166 2341 fine
1209 2262 1532 2371 intersepimentis
1580 2263 1819 2343 intermediis
1859 2261 2052 2371 repletum
2063 2301 2077 2358 3
2108 2264 2275 2373 suntque
2306 2268 2440 2349 nuclei

784 2370 960 2484 primitm
979 2373 1125 2452 cortice
1144 2371 1331 2466 crassiolo,
1347 2372 1476 2466 molli,
1503 2371 1713 2453 albicantes
1733 2376 1773 2453 dc
1792 2373 2025 2455 flaviusculis
2044 2375 2134 2482 pilis
2163 2376 2290 2470 obsiti,
2310 2377 2440 2460 forma

784 2482 2055 2702 dillubium?ill‘lllpll.l²‘llll².*lulli
2080 2483 2441 2681 lllllllll}

784 2706 887 2787 olleo
905 2705 1051 2801 scabro,
1067 2705 1232 2813 suntque
1246 2722 1335 2786 tum
1351 2703 1479 2787 forma
1497 2703 2038 2816 oblongo-angusto·rotundi
2051 2708 2091 2785 dc
2106 2706 2310 2816 cuspidati,
2330 2712 2437 2790 intus

784 2817 913 2899 oleoli.

786 3007 1006 3235 'stlgrqejlus
1021 3063 1067 3118 ac
1092 3035 1301 3144 praesertim
1329 3037 1465 3119 Nuclei
1478 3038 1603 3146 gravis
1623 3038 1663 3118 dc
1693 3036 1878 3144 sylvestris
1896 3035 2026 3120 odoris
2045 3037 2149 3132 sunt,
2179 3041 2250 3150 qui
2269 3042 2312 3122 in
2331 3040 2439 3124 foliis

784 3175 807 3228 e
883 3177 905 3229 e
977 3175 1035 3228 or.
2349 3170 2352 3178 ’

672 3457 676 3463 ,
788 3351 793 3363 ’
839 3372 968 3456 Floret
981 3369 1066 3452 haec
1079 3367 1194 3449 arbor
1213 3386 1298 3450 toto
1316 3394 1419 3449 anno
1433 3367 1544 3447 uberi
1557 3384 1748 3480 proventu
1759 3367 1850 3463 fert,
1870 3387 1915 3450 ut
1930 3369 1969 3450 ὅσ
1989 3371 2156 3453 Frubl'ur
2173 3369 2363 3482 copiosos.

1327 3545 1602 3673 Vanus
1667 3594 1904 3703 nJus

848 3736 965 3814 Leum
987 3728 1094 3840 quod
1112 3758 1162 3810 ex
1188 3730 1385 3812 Seminibus
1402 3735 1611 3813 Frunuum
1629 3731 1821 3825 educitur,
1842 3730 2064 3840 proficuum
2081 3734 2136 3814 est
2152 3766 2224 3846 pro
2240 3740 2441 3824 doloribus

874 3842 1061 3935 sedandis,
1092 3840 1273 3949 sanatque
1301 3868 1443 3949 corpus
1468 3840 1683 3921 scabiosum
1712 3868 1757 3921 ac
1787 3844 1905 3950 partis
1934 3841 2076 3923 affeetae
2106 3850 2301 3954 pruritum
2331 3853 2440 3933 tollit

782 3953 882 4035 fadta
901 3954 1167 4062 perunctione.
1226 3951 1323 4032 Idem
1358 3952 1484 4032 Oleum
1506 3978 1665 4061 quoque
1694 3952 1818 4033 oculis
1852 3952 1950 4032 salsas
1979 3950 2213 4040 humoribus
2233 3960 2436 4058 infestatis,

783 4063 844 4146 uti
861 4064 956 4176 saepe
986 4063 1032 4143 fit
1060 4065 1103 4142 in
1136 4060 1300 4171 profusas
1328 4062 1525 4171 lacrymis,
1555 4061 1790 4157 conferunt;
1821 4064 1975 4171 insuper
2003 4065 2100 4147 Idem
2120 4070 2247 4151 Oleum
2266 4100 2359 4152 cum
2379 4076 2439 4153 ci-

783 4203 875 4255 nere
910 4176 1084 4255 mixtum
1108 4171 1318 4254 commode
1358 4173 1569 4281 apponitur
1597 4200 1801 4253 vaccarum
1834 4192 2141 4284 caeterorumque
2164 4182 2441 4287 jumentorum

782 4283 1325 4508 apostpquatipgdcumhfrudiu
1344 4285 1449 4473 did‘po
1468 4281 1789 4477 dbllltalabaribrqs
1821 4286 1974 4477 Palegq
1993 4287 2192 4477 fmcipptum,
2223 4320 2371 4483 veqrimes
2396 4295 2440 4375 in

784 4424 906 4477 ucen
935 4423 980 4479 us
1073 4422 1144 4474 um
1192 4421 1375 4475 ommum
1418 4420 1466 4473 eu
1514 4422 1560 4475 ru
1579 4422 1735 4475 orumo
1773 4423 1816 4475 os
1840 4420 1957 4477 eneca
2001 4424 2064 4511 'a'
2116 4427 2239 4510 perun
2294 4428 2384 4487 one.
2478 4494 2482 4502 .

1467 4618 1507 4699 n
1533 4568 1636 4700 ro.
1698 4617 1764 4727 3⁶.

829 4752 907 4820 Haec
922 4776 1048 4840 quoque
1063 4751 1132 4819 crim
1148 4752 1183 4818 lit
1194 4776 1233 4822 ex
1252 4752 1312 4817 illie
1334 4752 1506 4827 arboribus,
1516 4768 1595 4836 qua·
1678 4753 1730 4816 An
1742 4764 1844 4815 autem
1861 4752 1893 4818 in
1918 4753 1984 4818 aliis
2006 4776 2131 4839 quoque
2149 4754 2247 4826 Indiae
2262 4762 2441 4848 regionibus

723 4906 729 4917 ,
785 4864 856 4907 rum
870 4842 956 4905 nulla
965 4838 1013 4919 lit,
1024 4842 1108 4925 quod
1119 4840 1313 4922 sciam,apud
1327 4839 1463 4923 reliquos
1474 4854 1595 4900 autores
1635 4838 1787 4912 nascatur,
1811 4836 1933 4902 allerere
1948 4858 2079 4923 nequeo,
2096 4846 2259 4925 presertim
2270 4868 2343 4911 cum
2362 4850 2442 4915 inter

786 4928 918 5001 mentio,
941 4926 1095 4991 nominari
1111 4926 1222 5008 poterit
1236 4921 1402 5010 Laurisolia
1422 4918 1593 4989 Malaberi·
1634 4921 1750 5003 plantas
1779 4942 1861 4987 meas
1891 4921 2016 4987 siccatas
2044 4923 2233 5013 Jaunnetrser,
2257 4934 2442 5023 quomses,

786 5034 831 5091 ca,
841 5014 953 5097 statie
967 5010 1043 5099 effla,
1064 5011 1166 5075 nmleor
1176 5012 1336 5076 rennuente.
1634 5007 1777 5093 aliasque,
1798 5008 1864 5071 nod
1886 5010 2063 5091 reperiatur.

986 5331 1200 5428 Intemperta.
