6092 6950
976 834 1988 975 'Matasaarcus

849 1123 2243 1287 Panaca-amanum.

933 1304 1564 1431 arcuourn
1656 1299 2123 1415 runica

796 1661 956 1772 Aja'neli'
976 1662 1061 1743 duae
1081 1665 1222 1776 species
1236 1667 1340 1760 sunt,
1372 1666 1719 1776 Pa‘lega-Pajdneli,
1750 1667 1789 1747 &
1810 1664 1991 1772 Pajdneli.

853 1775 1191 1885 Palega-Paq'aneli
1209 1777 1308 1886 ling.
1330 1779 1460 1858 Bram.
1494 1777 1737 1870 Davandz'cu‚
1768 1776 1822 1856 est
1851 1777 1965 1855 arbor
1988 1803 2148 1888 procera
2177 1775 2335 1856 nascens
2354 1777 2396 1854 in

824 1887 1003 1980 arenosis,
1033 1888 1148 1966 ramis
1168 1886 1299 1968 minias
1321 1890 1361 1967 in
1384 1889 1634 1968 transversum
1654 1887 1816 1968 diffusis.

718 1997 843 2078 Radix
861 1990 997 2076 librosa
1018 2026 1144 2078 ramos
1165 1999 1470 2108 quaquaversum
1499 2002 1681 2079 emittens
1702 2001 1847 2079 cortice
1866 2000 1998 2092 crasso,
2028 1997 2157 2090 molli;
2186 1999 2257 2106 qui
2285 2016 2398 2076 exte·-

666 2107 745 2187 rius
764 2107 817 2186 est
837 2105 976 2200 ruffus,
1006 2109 1112 2186 intus
1132 2137 1180 2188 ex
1199 2110 1313 2188 viridi
1333 2109 1573 2190 flavescentes
1593 2112 1749 2203 coloris,
1771 2112 1911 2220 saporis
1931 2112 2136 2205 subamari,
2166 2110 2276 2220 ligno
2295 2108 2396 2188 albi·

666 2235 777 2297 cante
795 2220 835 2296 &
854 2217 982 2313 molli,
1013 2219 1083 2326 qui
1101 2218 1216 2299 facile
1235 2222 1276 2299 in
1297 2219 1495 2299 filamenta
1514 2221 1766 2330 protrahitur.

723 2327 871 2408 Caudex
889 2328 1043 2407 ambitu
1061 2331 1175 2410 unius
1206 2329 1379 2412 hominis
1400 2333 1628 2441 amplexum
1647 2333 1831 2442 implens,
1861 2334 2006 2411 cortice
2025 2334 2193 2424 cinere0,
2230 2335 2270 2411 sc
2301 2331 2398 2410 rami

667 2437 737 2547 qui
756 2437 826 2516 sub
846 2439 994 2517 cinerea
1013 2440 1137 2519 crusta
1167 2442 1306 2522 virides
1337 2441 1440 2536 funt,
1463 2445 1668 2522 teneriores
1687 2444 1841 2536 virides,
1876 2444 1996 2522 scabri
2028 2443 2092 2523 seu
2125 2441 2177 2521 ob
2210 2443 2400 2551 punstula

667 2549 799 2657 asperi,
819 2550 1030 2657 grandibus
1059 2551 1185 2646 nodis,
1220 2553 1432 2662 exquibus
1463 2581 1592 2634 ramos
1627 2553 1851 2634 transversos
1871 2554 1985 2632 binos
2011 2557 2050 2634 sc
2084 2554 2198 2632 binos
2217 2554 2395 2660 ejiciunt,

665 2659 953 2753 extuberantes,
983 2660 1149 2768 suntque
1165 2665 1274 2766 ,intus
1294 2665 1453 2743 corculo
1469 2664 1642 2774 fungoso·
1653 2668 1694 2743 ὅτ
1712 2665 1916 2757 albicante,
1938 2666 2048 2772 ligno
2066 2691 2192 2774 pauco
2207 2665 2254 2742 ad
2272 2665 2397 2742 corti·

665 2796 768 2862 cern,
784 2789 900 2879 atque
920 2772 1012 2850 adeo
1032 2771 1142 2851 valde
1161 2772 1282 2854 leves:
1305 2772 1397 2854 ciam
1418 2776 1640 2856 vetustiores
1652 2772 1754 2868 sunt,
1771 2775 1970 2869 decidunt,
1991 2794 2100 2856 notas
2120 2774 2395 2882 relinquentes,

665 2879 707 2958 in
727 2880 871 2988 quibus
886 2882 1003 2960 etiam
1024 2885 1115 2961 novi
1134 2901 1358 2994 erumpunt.
2195 2971 2199 2980 .

723 2993 828 3076 Fora
847 2992 887 3071 in
908 2990 1070 3073 surculis
1090 2993 1217 3106 longis
1237 2993 1398 3078 interibs
1432 2997 1503 3077 lira
1528 2997 1679 3089 striatis,
1702 2999 1771 3107 qui
1804 3025 1855 3092 err
1883 2997 2042 3077 caudice
2072 2995 2155 3106 ipso
2186 2995 2247 3076 vel
2277 2995 2398 3076 etiam

667 3103 750 3208 ejus
771 3103 885 3182 ramis
915 3104 1038 3184 craffis
1058 3105 1099 3184 in
1120 3135 1218 3214 quos
1238 3107 1398 3187 diffusus
1419 3109 1486 3202 est,
1516 3108 1725 3219 prodeunt,
1747 3109 1938 3219 fimplices
1959 3110 2062 3187 acin
2083 3107 2212 3188 nullos
2228 3107 2397 3186 ramulos
2480 3113 2487 3126 ‘

667 3213 773 3292 divisi
803 3242 846 3294 ac
866 3215 1042 3324 quinque
1071 3214 1181 3295 sexve
1199 3218 1342 3299 cubitis
1369 3221 1458 3328 plus
1490 3217 1621 3299 minirs
1652 3221 1763 3329 longi
1782 3220 1883 3313 sunt,
1915 3220 2076 3328 petiolis·
2089 3221 2214 3297 curtis
2229 3247 2273 3297 ac
2293 3220 2395 3297 inte·
2502 3214 2506 3221 ‘

667 3321 744 3403 ribs
765 3324 901 3404 striatis
921 3327 1015 3405 bina
1039 3329 1078 3404 δε
1099 3327 1248 3408 bina&
1278 3359 1442 3410 numero
1477 3350 1584 3410 tema
1598 3369 1610 3422 3
1672 3333 1775 3421 uina,
1811 3332 1965 3439 septena
1997 3357 2090 3408 cum
2113 3357 2193 3407 uno
2225 3328 2324 3408 solio
2353 3330 2396 3408 in

665 3436 909 3515 extremitate
921 3437 1169 3545 proveniunt,
1187 3439 1352 3547 suntque
1370 3440 1495 3521 forma
1514 3359 1838 3533 cordisirumani,
1855 3441 1902 3522 ad
1921 3440 2112 3549 petiolum
2133 3439 2299 3527 rotunda
2313 3466 2393 3535 ora,

667 3542 835 3625 anteriits
863 3546 1020 3656 cuspide
1039 3548 1194 3655 angusta
1212 3552 1436 3644 eminentia,
1468 3569 1697 3631 contextura
1717 3552 1906 3631 tenuia&
1925 3551 2074 3643 mollia,
2105 3550 2304 3659 superficie
2335 3550 2396 3629 le-

667 3655 745 3750 nia,
775 3657 909 3737 viroris
928 3658 970 3736 in
991 3660 1090 3736 recta
1108 3678 1222 3767 parte·
1234 3660 1346 3755 fusci,
1377 3663 1418 3741 in
1450 3662 1604 3742 adversa
1620 3663 1727 3756 clari,
1758 3663 1887 3772 sapore
1908 3662 2109 3742 subamaro
2127 3664 2167 3741 δι
2186 3660 2335 3769 sylvest.
2357 3665 2396 3745 δι

666 3766 810 3847 odore,

724 3880 787 3959 Ex
807 3878 909 3959 costa
938 3879 1066 3958 media
1097 3880 1208 3990 Costae
1234 3882 1274 3960 in
1300 3882 1450 3963 adversa
1481 3884 1608 3963 solum
1639 3903 1746 3993 parte
1775 3886 1991 3965 eminentes
2021 3884 2189 3992 obliquo
2219 3884 2396 3966 annulari

667 3990 788 4069 ductu
806 4007 964 4081 exeunt,
994 4018 1037 4069 ac
1057 3988 1078 4069 ὲ
1098 3994 1272 4103 margine
1291 3994 1436 4073 reflexa
1455 3997 1499 4073 in·
1516 3995 1553 4073 se
1571 3996 1741 4075 invicem
1759 3997 1978 4087 incurrunt,
2008 3996 2174 4101 suntque
2202 3998 2396 4075 comitatae

667 4100 847 4181 Nervulis
866 4100 1076 4181 transversis
1096 4104 1137 4180 in
1158 4104 1308 4183 adversa
1326 4105 1453 4184 solum
1472 4124 1581 4213 parte
1600 4106 1880 4198 eminentibus,
1911 4134 1954 4184 ac
1977 4108 2120 4187 Venalis
2148 4106 2396 4187 cancellifor-

667 4212 783 4289 miter
802 4211 843 4288 in
864 4212 899 4289 se
918 4212 1088 4292 invicem
1107 4212 1247 4307 dusiis,
1277 4242 1364 4325 quae
1383 4216 1424 4293 in
1444 4216 1594 4294 adversa
1613 4233 1767 4295 tantum
1782 4217 2001 4326 conspicua
2020 4220 2251 4311 intertextae,
2268 4216 2396 4298 odoris

698 4345 808 4401 raus.

669 4348 697 4431 g
724 4426 853 4515 Floles-
868 4430 909 4509 in
929 4433 1036 4541 apice
1055 4428 1252 4515 ramorum
1271 4437 1504 4543 proveniunt
1522 4436 1652 4545 plures
1672 4438 1939 4546 congregatim
1972 4436 2125 4549 petiolis
2147 4439 2396 4521 crassrusculis
2447 4459 2449 4466 '

668 4542 707 4623 &
727 4539 929 4635 viridibus,
956 4544 1121 4653 suntque
1139 4546 1299 4653 grandes
1320 4546 1643 4657 campanisormes
1663 4576 1757 4628 cum
1787 4549 1892 4629 collo
1921 4549 2110 4657 oblongo,
2140 4553 2181 4629 bc
2211 4552 2258 4631 ad
2277 4578 2397 4631 unam

667 4672 817 4762 partem
851 4651 1033 4733 nonnihil
1081 4655 1236 4749 inflexu,
1285 4657 1415 4765 calyce
1460 4657 1826 4767 oblongo-rotundo
1865 4662 1905 4739 δι
1943 4660 2140 4768 profundo
2176 4660 2395 4756 infidentes,

668 4764 921 4870 constantque
950 4764 1013 4844 sex
1043 4763 1149 4845 foliis
1179 4768 1376 4863 craffiolis,
1405 4794 1576 4877 quorum
1606 4789 1773 4877 quatuor
1791 4799 1878 4878 quae
1897 4771 1944 4849 ad
1963 4798 2173 4850 concavam
2193 4770 2287 4849 colli
2306 4800 2396 4882 par-

559 4880 563 4887 '
668 4892 750 4954 tem
777 4873 867 4953 sunt
886 4875 1074 4953 exteriora
1100 4876 1226 4957 versus
1245 4876 1418 4959 maxime
1438 4878 1600 4974 reflectat,
1631 4882 1709 4961 duo
1729 4908 1816 4989 quae
1835 4909 1883 4959 ex
1903 4882 2055 4961 adverso
2070 4882 2232 4959 surrecta
2250 4884 2290 4961 &r
2315 4883 2405 4979 mi·⁴

669 5014 742 5065 nus
760 4984 927 5064 inflexa:
958 4984 1124 5094 suntque
1155 4987 1249 5067 folia
1281 4986 1443 5097 fungosa
1472 4979 1592 5069 nullis
1626 4992 1809 5100 perdusta
1841 4994 1947 5072 venis
1981 4992 2214 5099 conspicuis,
2244 4993 2285 5071 in
2320 4994 2396 5074 oris
2429 4990 2440 5007 ’

668 5096 789 5205 crispa
807 5098 1066 5204 &corrugata
1095 5096 1243 5177 duabus
1263 5098 1485 5208 pluribusve
1517 5101 1600 5179 liris
1632 5102 1836 5212 profundis
1869 5104 2037 5182 exterius
2070 5106 2112 5182 in
2151 5102 2397 5211 longitudine

669 5208 795 5286 striata
807 5244 819 5299 t
851 5206 960 5286 flores
991 5224 1122 5285 autem
1154 5208 1243 5288 sunt
1261 5210 1401 5291 coloris
1420 5209 1593 5291 maxime
1622 5215 1784 5293 interius
1814 5213 2017 5292 albicantis
2046 5215 2108 5292 seu
2138 5239 2187 5293 ex
2206 5213 2397 5320 albicante

665 5317 838 5410 subflavi,
882 5317 1048 5397 exterius
1078 5319 1118 5397 in
1148 5320 1240 5399 colli
1271 5348 1443 5402 convexa
1475 5341 1581 5432 parte
1614 5323 1796 5433 foliisque
1826 5325 2000 5404 surrestis
2032 5353 2120 5433 quae
2146 5325 2273 5404 versus
2308 5354 2396 5407 eam

669 5448 819 5537 partem
839 5428 905 5507 fita
924 5427 1026 5522 sunt,
1056 5428 1152 5509 striis
1173 5432 1461 5513 rubescentibus
1482 5434 1610 5527 tincti,
1640 5434 1757 5513 odore
1776 5434 1928 5516 foetido.

725 5541 892 5622 Stamina
911 5540 951 5618 in
980 5540 1139 5619 floribus
1159 5543 1333 5650 quinque
1345 5544 1513 5624 crassrola
1532 5548 1572 5624 δε
1592 5543 1773 5624 nonnihil
1793 5545 1934 5625 inflexa
1952 5574 2001 5625 ex
2019 5547 2211 5627 albicante
2230 5546 2399 5629 subflava

671 5650 734 5729 seu
753 5650 1025 5744 viridi-diluta,
1056 5678 1100 5730 ac
1119 5651 1246 5732 versus
1276 5652 1371 5732 folia
1404 5654 1566 5735 surrecta
1592 5658 1774 5764 jacentia,
1805 5684 1848 5735 ac
1881 5658 1923 5735 in
1958 5655 2129 5742 inferiori
2158 5679 2280 5767 parte,
2310 5688 2397 5769 quae

671 5760 844 5841 craffiora
864 5762 966 5856 sunt,
993 5754 1101 5843 'collo
1130 5764 1290 5843 interius
1311 5764 1448 5845 inserta
1466 5767 1529 5845 seu
1549 5795 1711 5860 annexa,
1741 5785 1960 5875 geruntque
1978 5770 2104 5877 apices
2123 5769 2396 5851 incumbentes

671 5870 803 5963 flavos,
832 5871 944 5964 latos,
965 5874 1076 5953 acad
1096 5903 1213 5956 unam
1228 5896 1377 5985 partem
1397 5878 1436 5955 in
1459 5878 1551 5959 duas
1570 5879 1744 5986 angustas
1765 5878 1920 5958 lacinias
1935 5883 2175 5975 contrastos3
2206 5910 2301 5961 cum
2320 5882 2395 5960 sta·

669 5982 843 6063 minibus
863 5985 1003 6071 emicat
1028 5984 1146 6095 stylus
1168 5990 1376 6073 tenuior&
1395 5989 1578 6086 albicans,
1610 5991 1650 6070 in
1670 5990 1892 6072 summitate
1910 5992 1952 6075 in
1971 5990 2136 6103 planum
2150 6012 2393 6109 extenuatus,

2328 6132 2397 6211 qut
