6092 6950
948 847 1936 955 Mutaunutcus

665 1392 2312 1562 MANJAPUMERAM

800 1631 1392 1822 uxcrnurnss
1447 1687 1752 1818 Annon
1802 1689 2171 1814 rxrsru.

1343 2189 1644 2292 Fiam»
1785 2239 1789 2248 «

835 2385 1133 2498 Anjapameram.
1150 2384 1249 2494 ling.
1282 2387 1412 2465 Bram.
1436 2383 1649 2468 Paridtaczi
1681 2385 1736 2466 est
1760 2383 1873 2466 arbor
1902 2385 2056 2494 grandis
2077 2382 2198 2482 trium
2217 2359 2315 2496 qua-

672 2393 839 2638 M
857 2518 992 2599 tuorve
1016 2495 1601 2592 hominum·a1utudine,dens1s
1624 2501 1664 2578 &
1682 2499 1816 2610 opacis
1842 2495 2046 2577 frondibus
2075 2493 2151 2575 late
2171 2496 2314 2606 sparso,

860 2610 1016 2689 nascens
1044 2610 1089 2688 in
1118 2608 1295 2688 arenosrs.

724 2830 850 2914 Radix
866 2857 993 2910 ramos
1013 2830 1147 2911 subtus
1167 2832 1207 2911 dc
1225 2829 1339 2940 super
1360 2849 1505 2912 terram
1533 2829 1759 2912 transversos
1780 2830 1972 2941 spargens,

724 3054 844 3164 Stipes
870 3053 1024 3135 ambitu
1042 3056 1272 3164 aanplextun
1301 3054 1417 3134 unius
1447 3049 1598 3136 brachii
1628 3071 1768 3166 aequat,
1792 3055 1943 3136 cortice
1959 3053 2129 3134 cinereo.

725 3277 876 3360 Surculi
904 3277 1225 3388 quadrangulares
1269 3304 1317 3358 ac
1350 3277 1541 3373 nodulati,
1572 3277 1746 3390 spadiceo
1773 3279 1932 3372 cortice,
1961 3277 2032 3384 qui
2072 3271 2231 3354 interius
2265 3267 2319 3354 est

542 3401 550 3410 '
593 3471 598 3479 ,
664 3387 815 3485 viridis,
844 3390 1020 3470 obducti·

725 3611 833 3693 Folia
860 3612 901 3690 in
922 3609 1076 3690 nodulis
1107 3609 1303 3702 brevibus,
1334 3610 1530 3705 craffiolis,
1560 3608 1955 3690 viridi-albicantibus
1978 3608 2133 3718 petiolis
2162 3609 2255 3688 bina
2273 3633 2317 3689 ac

669 3722 707 3801 se
731 3724 872 3801 mutuo
899 3723 941 3800 in
970 3723 1106 3800 ordine
1133 3721 1366 3800 decussantia
1390 3723 1638 3831 proveniunt,
1655 3722 1821 3831 suntque
1845 3721 1893 3800 ad
1912 3719 2103 3831 petiolum
2123 3719 2199 3801 lata
2225 3750 2317 3801 cur»

668 3835 800 3927 vitate,
830 3838 870 3914 δι
908 3835 1095 3912 anteriora
1133 3832 1259 3911 versus
1298 3832 1339 3911 in
1364 3834 1568 3943 *cuspidem
1606 3834 1814 3945 angustum
1852 3836 2060 3926 contracta,
2089 3850 2320 3913 contextura

666 3944 796 4036 crassa,
827 3944 1023 4055 superficie
1055 3943 1195 4054 aspera,
1225 3945 1349 4024 virore
1367 3946 1409 4023 in
1437 3949 1538 4025 tetta
1562 3945 1670 4027 fusco
1690 3948 1729 4027 dt
1750 3945 1919 4039 nitente,
1941 3945 1984 4023 in
2009 3943 2160 4023 adversa
2187 3964 2316 4025 autem

666 4055 787 4149 claro,
818 4057 947 4167 sapore
974 4056 1289 4164 adstringente&
1315 4054 1531 4137 subamaro.

725 4281 790 4357 Ex
811 4278 915 4387 Costa
927 4279 1057 4358 media
1073 4279 1116 4356 in
1139 4276 1288 4357 adversa
1307 4297 1414 4387 parte
1434 4280 1547 4389 Costae
1571 4277 1666 4360 hinc
1696 4278 1787 4358 inde
1811 4296 2039 4373 excurrunt,
2070 4306 2156 4387 quae
2176 4283 2317 4361 renam

668 4389 855 4470 tractibus
880 4390 1012 4469 striant
1044 4391 1087 4470 in
1116 4388 1152 4467 se
1184 4390 1354 4469 invicem
1387 4392 1550 4471 arcuatis
1580 4390 1761 4474 dudtibus
1781 4386 1903 4501 prope
1932 4392 1980 4469 ad
2008 4392 2223 4500 marginem
2252 4394 2316 4474 in-

667 4518 881 4582 exurentes.

726 4726 854 4805 Flores
872 4724 1105 4832 proveniunt
1126 4724 1165 4803 in
1189 4724 1342 4835 petiolis
1367 4723 1500 4833 rigidis
1527 4753 1570 4805 ac
1586 4724 1778 4835 superiora
1801 4726 1927 4805 versus
1946 4724 2107 4833 oblique
2127 4727 2315 4820 suffertis,

669 4835 741 4944 qui
767 4835 852 4915 bini
878 4837 918 4914 δε
948 4835 1032 4916 bini
1057 4838 1098 4915 in
1119 4837 1278 4916 adverus
1306 4839 1480 4946 partibus
1509 4837 1620 4947 supra
1638 4865 1686 4917 ex
1712 4838 1860 4947 origine
1888 4836 2077 4917 soliorum
2104 4856 2318 4946 erumpunt

668 4974 715 5026 ac
734 4945 875 5054 finguli
900 4946 1035 5054 paffim
1068 4949 1111 5025 in
1140 4968 1214 5026 tres
1245 4948 1415 5027 minores
1449 4949 1620 5027 ramulos
1650 4966 1794 5043 curtos,
1824 4947 2031 5059 brevesque
2056 4968 2196 5037 mutuo
2215 4949 2316 5028 divi·

669 5058 830 5149 duntur,
844 5057 1008 5162 suntque
1027 5058 1069 5135 in
1089 5057 1247 5165 fingulis
1259 5059 1395 5167 petioli
1415 5060 1530 5137 ramis
1551 5061 1663 5167 quini
1683 5059 1948 5167 congregatim
1967 5059 2186 5155 infidentes,
2202 5060 2319 5142 odore

669 5168 776 5246 dulci
799 5170 838 5247 δε
861 5166 1078 5246 delectabili
1097 5170 1295 5276 optimum
1323 5170 1402 5248 mel
1432 5171 1653 5264 aemulante,
1683 5167 1843 5249 interibs
1873 5166 1911 5250 dr
1942 5168 2106 5251 exteriirs
2127 5172 2318 5252 albicante

668 5281 709 5358 δι
728 5306 853 5387 aqueo
885 5276 1027 5372 colore,
1058 5277 1136 5370 sex,
1167 5278 1326 5387 septem,
1357 5284 1447 5361 osto
1473 5281 1580 5361 foliis
1602 5280 1833 5376 constantes,
1864 5283 2028 5390 suntque
2057 5282 2152 5367 solia
2179 5284 2226 5363 ad
2244 5310 2315 5393 pe-

668 5391 812 5472 tiolum
844 5389 1043 5483 strietiora,
1073 5388 1199 5469 versus
1230 5390 1494 5473 summitatem
1521 5392 1706 5475 lateribus
1732 5396 1843 5473 renis
1870 5395 2038 5489 dilatata,
2069 5413 2185 5506 atque
2218 5395 2316 5475 dua-

668 5500 743 5580 bus
773 5502 923 5582 laciniis
952 5500 1134 5580 brevibus
1161 5506 1417 5598 excurrentia,
1438 5534 1483 5583 ac
1502 5501 1669 5585 anteribs
1690 5506 1790 5584 inter
1816 5505 1973 5585 lacinias
1995 5506 2156 5599 finnata,
2185 5507 2224 5586 dc
2246 5532 2317 5585 ex-

668 5614 851 5693 teriorem
869 5613 996 5692 versus
1016 5631 1166 5723 partem
1191 5615 1268 5693 oris
1297 5615 1419 5724 rigide
1438 5616 1594 5710 inflexa,
1625 5634 1857 5698 contextura
1877 5615 2006 5697 tenuia
2029 5646 2073 5697 ac
2103 5616 2240 5727 rigida,
2275 5618 2318 5697 in
2429 5666 2430 5671 Ν

669 5720 747 5799 sole
779 5725 888 5810 valde
916 5724 1166 5818 coruscantia,
1197 5725 1347 5806 venulis
1381 5728 1447 5807 vix
1486 5728 1719 5839 conspicuis,
1750 5729 1819 5810 nifi
1848 5731 1890 5809 in
1926 5748 2032 5839 parte
2076 5728 2145 5810 ubi
2186 5727 2319 5810 colore

604 5926 610 5931 ι
668 5831 863 5915 albicante
883 5838 1017 5918 attrito
1042 5838 1344 5921 membranaceae
1359 5838 1448 5920 sunt
1477 5840 1768 5949 pelluciditatis.

1459 6004 1546 6084 F'2
1967 6064 1969 6073 ·
2028 6018 2030 6022 ’
2222 6004 2322 6085 Sunt
2424 6114 2427 6119 Ι
