<?xml version="1.0" encoding="UTF-8"?>
<!DOCTYPE html PUBLIC "-//W3C//DTD XHTML 1.0 Transitional//EN"
    "http://www.w3.org/TR/xhtml1/DTD/xhtml1-transitional.dtd">
<html xmlns="http://www.w3.org/1999/xhtml" xml:lang="en" lang="en">
 <head>
  <title>
</title>
<meta http-equiv="Content-Type" content="text/html;charset=utf-8" />
  <meta name='ocr-system' content='tesseract 3.04.00' />
  <meta name='ocr-capabilities' content='ocr_page ocr_carea ocr_par ocr_line ocrx_word'/>
</head>
<body>
  <div class='ocr_page' id='page_1' title='image "./hortimalabarici00drakgoog/hortimalabarici00drakgoog_0047.png"; bbox 0 0 6092 6950; ppageno 0'>
   <div class='ocr_carea' id='block_1_1' title="bbox 992 863 2315 985">
    <p class='ocr_par' dir='ltr' id='par_1_1' title="bbox 992 863 2315 985">
     <span class='ocr_line' id='line_1_1' title="bbox 992 863 2315 985; baseline -0.011 -12"><span class='ocrx_word' id='word_1_1' title='bbox 992 863 1941 973; x_wconf 82' lang='lat' dir='ltr'>MALABARICUS.</span> <span class='ocrx_word' id='word_1_2' title='bbox 2230 891 2315 985; x_wconf 82' lang='grc'>39·</span> 
     </span>
    </p>
   </div>
   <div class='ocr_carea' id='block_1_2' title="bbox 728 1168 2227 1512">
    <p class='ocr_par' dir='ltr' id='par_1_2' title="bbox 728 1168 2227 1512">
     <span class='ocr_line' id='line_1_2' title="bbox 728 1168 2227 1304; baseline -0.011 0"><span class='ocrx_word' id='word_1_3' title='bbox 728 1181 792 1304; x_wconf 87' lang='grc' dir='ltr'><strong><em>Β</em></strong></span> <span class='ocrx_word' id='word_1_4' title='bbox 871 1180 939 1298; x_wconf 90' lang='lat' dir='ltr'><em>A</em></span> <span class='ocrx_word' id='word_1_5' title='bbox 1032 1175 1098 1296; x_wconf 86' lang='lat' dir='ltr'><strong><em>L</em></strong></span> <span class='ocrx_word' id='word_1_6' title='bbox 1197 1179 1267 1295; x_wconf 79' lang='lat' dir='ltr'><em>A</em></span> <span class='ocrx_word' id='word_1_7' title='bbox 1357 1179 1612 1298; x_wconf 68' lang='lat' dir='ltr'>lta-P</span> <span class='ocrx_word' id='word_1_8' title='bbox 1717 1175 1786 1292; x_wconf 72' lang='lat' dir='ltr'><em>U</em></span> <span class='ocrx_word' id='word_1_9' title='bbox 1873 1173 1933 1290; x_wconf 86' lang='lat' dir='ltr'><em>L</em></span> <span class='ocrx_word' id='word_1_10' title='bbox 2033 1168 2095 1290; x_wconf 87' lang='lat' dir='ltr'><em>L</em></span> <span class='ocrx_word' id='word_1_11' title='bbox 2177 1169 2227 1288; x_wconf 93' lang='lat' dir='ltr'><em>I</em></span> 
     </span>
     <span class='ocr_line' id='line_1_3' title="bbox 936 1369 2127 1512; baseline -0.011 -28"><span class='ocrx_word' id='word_1_12' title='bbox 936 1369 1996 1512; x_wconf 65' lang='lat' dir='ltr'>narranaam-runca.</span> <span class='ocrx_word' id='word_1_13' title='bbox 2122 1425 2127 1432; x_wconf 84' lang='lat'><strong>·</strong></span> 
     </span>
    </p>
   </div>
   <div class='ocr_carea' id='block_1_3' title="bbox 640 1618 2192 1796">
    <p class='ocr_par' dir='ltr' id='par_1_3' title="bbox 640 1618 2192 1796">
     <span class='ocr_line' id='line_1_4' title="bbox 640 1618 2192 1796; baseline -0.009 -54"><span class='ocrx_word' id='word_1_14' title='bbox 640 1629 650 1675; x_wconf 72' lang='lat'><em>³</em></span> <span class='ocrx_word' id='word_1_15' title='bbox 817 1626 1613 1740; x_wconf 85' lang='lat' dir='ltr'><strong>TAMARINDUS-</strong></span> <span class='ocrx_word' id='word_1_16' title='bbox 1681 1618 2096 1734; x_wconf 86' lang='lat' dir='ltr'><strong>INDICA.</strong></span> <span class='ocrx_word' id='word_1_17' title='bbox 2187 1783 2192 1796; x_wconf 14' lang='grc' dir='ltr'><em>Β</em></span> 
     </span>
    </p>
   </div>
   <div class='ocr_carea' id='block_1_4' title="bbox 1329 1990 1630 2098">
    <p class='ocr_par' dir='ltr' id='par_1_4' title="bbox 1329 1990 1630 2098">
     <span class='ocr_line' id='line_1_5' title="bbox 1329 1990 1630 2098; baseline 0 -30"><span class='ocrx_word' id='word_1_18' title='bbox 1329 1990 1500 2070; x_wconf 79' lang='lat' dir='ltr'>alo.</span> <span class='ocrx_word' id='word_1_19' title='bbox 1563 2015 1630 2098; x_wconf 85' lang='lat'>23.</span> 
     </span>
    </p>
   </div>
   <div class='ocr_carea' id='block_1_5' title="bbox 650 2168 2302 2432">
    <p class='ocr_par' dir='ltr' id='par_1_5' title="bbox 650 2168 2302 2432">
     <span class='ocr_line' id='line_1_6' title="bbox 776 2168 2302 2290; baseline -0.007 -28"><span class='ocrx_word' id='word_1_20' title='bbox 776 2173 1019 2262; x_wconf 68' lang='lat' dir='ltr'>Alam-Pulli</span> <span class='ocrx_word' id='word_1_21' title='bbox 1034 2177 1099 2258; x_wconf 89' lang='lat' dir='ltr'>seu</span> <span class='ocrx_word' id='word_1_22' title='bbox 1117 2173 1445 2261; x_wconf 62' lang='lat' dir='ltr'>Mariam-Pulli</span> <span class='ocrx_word' id='word_1_23' title='bbox 1462 2177 1561 2290; x_wconf 86' lang='lat' dir='ltr'>ling.</span> <span class='ocrx_word' id='word_1_24' title='bbox 1580 2179 1817 2257; x_wconf 88' lang='lat' dir='ltr'>Bramanum</span> <span class='ocrx_word' id='word_1_25' title='bbox 1839 2173 1955 2266; x_wconf 84' lang='lat' dir='ltr'>Sinza</span> <span class='ocrx_word' id='word_1_26' title='bbox 1992 2232 2001 2252; x_wconf 92' lang='lat'><em>.</em></span> <span class='ocrx_word' id='word_1_27' title='bbox 2036 2230 2047 2250; x_wconf 91' lang='lat'>.</span> <span class='ocrx_word' id='word_1_28' title='bbox 2080 2230 2092 2252; x_wconf 86' lang='lat'><strong>.</strong></span> <span class='ocrx_word' id='word_1_29' title='bbox 2126 2229 2135 2248; x_wconf 91' lang='lat'><strong>.</strong></span> <span class='ocrx_word' id='word_1_30' title='bbox 2167 2168 2220 2248; x_wconf 91' lang='lat' dir='ltr'>est</span> <span class='ocrx_word' id='word_1_31' title='bbox 2238 2195 2302 2286; x_wconf 82' lang='lat' dir='ltr'>ar·-¹</span> 
     </span>
     <span class='ocr_line' id='line_1_7' title="bbox 650 2185 1752 2432; baseline -0.007 -57"><span class='ocrx_word' id='word_1_32' title='bbox 650 2185 774 2432; x_wconf 83' lang='lat' dir='ltr'><em>B</em></span> <span class='ocrx_word' id='word_1_33' title='bbox 804 2293 876 2374; x_wconf 92' lang='lat' dir='ltr'>bor</span> <span class='ocrx_word' id='word_1_34' title='bbox 892 2292 1047 2402; x_wconf 85' lang='lat' dir='ltr'>grandis</span> <span class='ocrx_word' id='word_1_35' title='bbox 1075 2292 1192 2370; x_wconf 86' lang='lat' dir='ltr'>ramis</span> <span class='ocrx_word' id='word_1_36' title='bbox 1222 2289 1345 2370; x_wconf 88' lang='lat' dir='ltr'>densrs</span> <span class='ocrx_word' id='word_1_37' title='bbox 1373 2291 1416 2369; x_wconf 90' lang='lat' dir='ltr'>in</span> <span class='ocrx_word' id='word_1_38' title='bbox 1436 2289 1563 2368; x_wconf 91' lang='lat' dir='ltr'>latum</span> <span class='ocrx_word' id='word_1_39' title='bbox 1591 2286 1752 2368; x_wconf 83' lang='lat' dir='ltr'>diffufis.</span> 
     </span>
    </p>
   </div>
   <div class='ocr_carea' id='block_1_6' title="bbox 837 2425 2064 2515">
    <p class='ocr_par' dir='ltr' id='par_1_6' title="bbox 837 2425 2064 2515">
     <span class='ocr_line' id='line_1_8' title="bbox 837 2425 2064 2515; baseline -0.008 1"><span class='ocrx_word' id='word_1_40' title='bbox 837 2431 962 2515; x_wconf 82' lang='lat' dir='ltr'><em>Radix</em></span> <span class='ocrx_word' id='word_1_41' title='bbox 986 2431 1102 2512; x_wconf 78' lang='lat' dir='ltr'>crassa</span> <span class='ocrx_word' id='word_1_42' title='bbox 1129 2428 1287 2510; x_wconf 91' lang='lat' dir='ltr'>brachia</span> <span class='ocrx_word' id='word_1_43' title='bbox 1310 2429 1387 2511; x_wconf 70' lang='lat' dir='ltr'>late</span> <span class='ocrx_word' id='word_1_44' title='bbox 1407 2431 1630 2512; x_wconf 86' lang='lat' dir='ltr'>diffundens</span> <span class='ocrx_word' id='word_1_45' title='bbox 1659 2430 1802 2510; x_wconf 89' lang='lat' dir='ltr'>cortice</span> <span class='ocrx_word' id='word_1_46' title='bbox 1828 2425 2064 2506; x_wconf 88' lang='lat' dir='ltr'>rubescente.</span> 
     </span>
    </p>
   </div>
   <div class='ocr_carea' id='block_1_7' title="bbox 647 2580 2307 4032">
    <p class='ocr_par' dir='ltr' id='par_1_7' title="bbox 647 2580 2307 4032">
     <span class='ocr_line' id='line_1_9' title="bbox 708 2580 2304 2711; baseline -0.003 -45"><span class='ocrx_word' id='word_1_47' title='bbox 708 2589 828 2698; x_wconf 76' lang='lat' dir='ltr'>Stipes</span> <span class='ocrx_word' id='word_1_48' title='bbox 840 2585 981 2669; x_wconf 82' lang='lat' dir='ltr'>craffus</span> <span class='ocrx_word' id='word_1_49' title='bbox 1005 2583 1158 2670; x_wconf 83' lang='lat' dir='ltr'>ambitu</span> <span class='ocrx_word' id='word_1_50' title='bbox 1178 2583 1350 2664; x_wconf 88' lang='lat' dir='ltr'>duorum</span> <span class='ocrx_word' id='word_1_51' title='bbox 1370 2581 1584 2666; x_wconf 89' lang='lat' dir='ltr'>hominum</span> <span class='ocrx_word' id='word_1_52' title='bbox 1603 2583 1830 2711; x_wconf 87' lang='lat' dir='ltr'>amplexum</span> <span class='ocrx_word' id='word_1_53' title='bbox 1847 2608 2001 2690; x_wconf 82' lang='lat' dir='ltr'>aequans</span> <span class='ocrx_word' id='word_1_54' title='bbox 2021 2580 2165 2660; x_wconf 89' lang='lat' dir='ltr'>cortice</span> <span class='ocrx_word' id='word_1_55' title='bbox 2185 2580 2304 2662; x_wconf 80' lang='lat' dir='ltr'>crasso</span> 
     </span>
     <span class='ocr_line' id='line_1_10' title="bbox 650 2693 2303 2805; baseline -0.005 -24"><span class='ocrx_word' id='word_1_56' title='bbox 650 2699 722 2781; x_wconf 85' lang='lat' dir='ltr'>sub</span> <span class='ocrx_word' id='word_1_57' title='bbox 748 2697 874 2779; x_wconf 89' lang='lat' dir='ltr'>crusta</span> <span class='ocrx_word' id='word_1_58' title='bbox 895 2697 1168 2805; x_wconf 85' lang='lat' dir='ltr'>nigricante&amp;</span> <span class='ocrx_word' id='word_1_59' title='bbox 1198 2697 1597 2778; x_wconf 88' lang='lat' dir='ltr'>cinerea-rubescente</span> <span class='ocrx_word' id='word_1_60' title='bbox 1625 2714 1683 2776; x_wconf 83' lang='lat' dir='ltr'>utr</span> <span class='ocrx_word' id='word_1_61' title='bbox 1712 2699 1751 2776; x_wconf 75' lang='grc' dir='ltr'>δι</span> <span class='ocrx_word' id='word_1_62' title='bbox 1766 2695 1863 2776; x_wconf 90' lang='lat' dir='ltr'>rami</span> <span class='ocrx_word' id='word_1_63' title='bbox 1891 2693 2128 2773; x_wconf 86' lang='lat' dir='ltr'>vetustiores.</span> <span class='ocrx_word' id='word_1_64' title='bbox 2190 2694 2303 2774; x_wconf 84' lang='lat' dir='ltr'>Folia</span> 
     </span>
     <span class='ocr_line' id='line_1_11' title="bbox 647 2803 2305 2921; baseline -0.004 -29"><span class='ocrx_word' id='word_1_65' title='bbox 647 2814 692 2892; x_wconf 91' lang='lat' dir='ltr'>in</span> <span class='ocrx_word' id='word_1_66' title='bbox 714 2807 869 2921; x_wconf 85' lang='lat' dir='ltr'>petiolis</span> <span class='ocrx_word' id='word_1_67' title='bbox 896 2809 962 2888; x_wconf 90' lang='lat' dir='ltr'>seu</span> <span class='ocrx_word' id='word_1_68' title='bbox 985 2806 1147 2889; x_wconf 90' lang='lat' dir='ltr'>surculis</span> <span class='ocrx_word' id='word_1_69' title='bbox 1165 2808 1365 2901; x_wconf 85' lang='lat' dir='ltr'>tenuibus,</span> <span class='ocrx_word' id='word_1_70' title='bbox 1393 2809 1597 2903; x_wconf 88' lang='lat' dir='ltr'>viridibus,</span> <span class='ocrx_word' id='word_1_71' title='bbox 1618 2803 1778 2886; x_wconf 81' lang='lat' dir='ltr'>interibs</span> <span class='ocrx_word' id='word_1_72' title='bbox 1808 2805 1914 2886; x_wconf 93' lang='lat' dir='ltr'>sulco</span> <span class='ocrx_word' id='word_1_73' title='bbox 1941 2804 2091 2898; x_wconf 87' lang='lat' dir='ltr'>striatis,</span> <span class='ocrx_word' id='word_1_74' title='bbox 2123 2805 2305 2886; x_wconf 90' lang='lat' dir='ltr'>nondum</span> 
     </span>
     <span class='ocr_line' id='line_1_12' title="bbox 650 2916 2303 3033; baseline -0.004 -30"><span class='ocrx_word' id='word_1_75' title='bbox 650 2919 885 3033; x_wconf 89' lang='lat' dir='ltr'>spithamam</span> <span class='ocrx_word' id='word_1_76' title='bbox 899 2917 1043 3028; x_wconf 89' lang='lat' dir='ltr'>longis,</span> <span class='ocrx_word' id='word_1_77' title='bbox 1059 2919 1130 3026; x_wconf 92' lang='lat' dir='ltr'>qui</span> <span class='ocrx_word' id='word_1_78' title='bbox 1148 2918 1196 2996; x_wconf 91' lang='lat' dir='ltr'>ad</span> <span class='ocrx_word' id='word_1_79' title='bbox 1213 2936 1396 3026; x_wconf 86' lang='lat' dir='ltr'>exortum</span> <span class='ocrx_word' id='word_1_80' title='bbox 1408 2919 1674 2999; x_wconf 88' lang='lat' dir='ltr'>viridi-diluto</span> <span class='ocrx_word' id='word_1_81' title='bbox 1689 2916 1894 2998; x_wconf 91' lang='lat' dir='ltr'>tuberculo</span> <span class='ocrx_word' id='word_1_82' title='bbox 1911 2944 2050 3028; x_wconf 89' lang='lat' dir='ltr'>parum</span> <span class='ocrx_word' id='word_1_83' title='bbox 2063 2916 2303 3024; x_wconf 89' lang='lat' dir='ltr'>turgescunt,</span> 
     </span>
     <span class='ocr_line' id='line_1_13' title="bbox 650 3029 2305 3142; baseline -0.004 -28"><span class='ocrx_word' id='word_1_84' title='bbox 650 3034 806 3114; x_wconf 84' lang='lat' dir='ltr'>bina&amp;</span> <span class='ocrx_word' id='word_1_85' title='bbox 831 3029 925 3110; x_wconf 85' lang='lat' dir='ltr'>bina</span> <span class='ocrx_word' id='word_1_86' title='bbox 952 3030 994 3109; x_wconf 92' lang='lat' dir='ltr'>in</span> <span class='ocrx_word' id='word_1_87' title='bbox 1019 3029 1170 3110; x_wconf 88' lang='lat' dir='ltr'>duabus</span> <span class='ocrx_word' id='word_1_88' title='bbox 1197 3029 1362 3112; x_wconf 82' lang='lat' dir='ltr'>seriebus</span> <span class='ocrx_word' id='word_1_89' title='bbox 1387 3033 1636 3142; x_wconf 89' lang='lat' dir='ltr'>proveniunt,</span> <span class='ocrx_word' id='word_1_90' title='bbox 1667 3031 1789 3140; x_wconf 89' lang='lat' dir='ltr'>iisque</span> <span class='ocrx_word' id='word_1_91' title='bbox 1813 3029 1978 3110; x_wconf 90' lang='lat' dir='ltr'>insrdent</span> <span class='ocrx_word' id='word_1_92' title='bbox 2000 3055 2095 3108; x_wconf 92' lang='lat' dir='ltr'>cum</span> <span class='ocrx_word' id='word_1_93' title='bbox 2123 3030 2305 3108; x_wconf 81' lang='lat' dir='ltr'>anteriori</span> 
     </span>
     <span class='ocr_line' id='line_1_14' title="bbox 651 3138 2306 3256; baseline -0.003 -31"><span class='ocrx_word' id='word_1_94' title='bbox 651 3164 758 3256; x_wconf 88' lang='lat' dir='ltr'>parte</span> <span class='ocrx_word' id='word_1_95' title='bbox 787 3138 970 3222; x_wconf 90' lang='lat' dir='ltr'>nonnihil</span> <span class='ocrx_word' id='word_1_96' title='bbox 997 3141 1123 3221; x_wconf 88' lang='lat' dir='ltr'>versus</span> <span class='ocrx_word' id='word_1_97' title='bbox 1153 3141 1418 3222; x_wconf 87' lang='lat' dir='ltr'>summitatem</span> <span class='ocrx_word' id='word_1_98' title='bbox 1454 3143 1692 3253; x_wconf 87' lang='lat' dir='ltr'>petiolorum</span> <span class='ocrx_word' id='word_1_99' title='bbox 1722 3141 1915 3235; x_wconf 85' lang='lat' dir='ltr'>conversa,</span> <span class='ocrx_word' id='word_1_100' title='bbox 1945 3144 1984 3221; x_wconf 72' lang='grc' dir='ltr'>δι</span> <span class='ocrx_word' id='word_1_101' title='bbox 2017 3139 2182 3250; x_wconf 87' lang='lat' dir='ltr'>petiolos</span> <span class='ocrx_word' id='word_1_102' title='bbox 2208 3169 2306 3220; x_wconf 92' lang='lat' dir='ltr'>cum</span> 
     </span>
     <span class='ocr_line' id='line_1_15' title="bbox 652 3251 2306 3365; baseline -0.003 -29"><span class='ocrx_word' id='word_1_103' title='bbox 652 3257 728 3336; x_wconf 85' lang='lat' dir='ltr'>suis</span> <span class='ocrx_word' id='word_1_104' title='bbox 756 3252 1030 3365; x_wconf 91' lang='lat' dir='ltr'>superficiebus</span> <span class='ocrx_word' id='word_1_105' title='bbox 1064 3252 1224 3361; x_wconf 91' lang='lat' dir='ltr'>oblique</span> <span class='ocrx_word' id='word_1_106' title='bbox 1253 3254 1416 3358; x_wconf 82' lang='lat' dir='ltr'>secantia</span> <span class='ocrx_word' id='word_1_107' title='bbox 1426 3292 1439 3348; x_wconf 64' lang='grc' dir='ltr'><strong><em>ς</em></strong></span> <span class='ocrx_word' id='word_1_108' title='bbox 1471 3254 1639 3364; x_wconf 91' lang='lat' dir='ltr'>suntque</span> <span class='ocrx_word' id='word_1_109' title='bbox 1668 3254 1764 3335; x_wconf 86' lang='lat' dir='ltr'>folia</span> <span class='ocrx_word' id='word_1_110' title='bbox 1790 3281 1919 3365; x_wconf 89' lang='lat' dir='ltr'>parva,</span> <span class='ocrx_word' id='word_1_111' title='bbox 1949 3251 2306 3360; x_wconf 86' lang='lat' dir='ltr'>oblongo-angusta</span> 
     </span>
     <span class='ocr_line' id='line_1_16' title="bbox 650 3361 2304 3479; baseline -0.003 -31"><span class='ocrx_word' id='word_1_112' title='bbox 650 3367 830 3479; x_wconf 82' lang='lat' dir='ltr'>pollicari</span> <span class='ocrx_word' id='word_1_113' title='bbox 847 3363 971 3446; x_wconf 87' lang='lat' dir='ltr'>ferme</span> <span class='ocrx_word' id='word_1_114' title='bbox 1000 3365 1262 3475; x_wconf 87' lang='lat' dir='ltr'>longitudine,</span> <span class='ocrx_word' id='word_1_115' title='bbox 1290 3365 1498 3445; x_wconf 86' lang='lat' dir='ltr'>latitudine</span> <span class='ocrx_word' id='word_1_116' title='bbox 1516 3367 1640 3446; x_wconf 86' lang='lat' dir='ltr'>ferme</span> <span class='ocrx_word' id='word_1_117' title='bbox 1659 3365 1904 3471; x_wconf 87' lang='lat' dir='ltr'>semidigitali</span> <span class='ocrx_word' id='word_1_118' title='bbox 1928 3365 1968 3442; x_wconf 74' lang='grc' dir='ltr'>δι</span> <span class='ocrx_word' id='word_1_119' title='bbox 2002 3362 2128 3440; x_wconf 86' lang='lat' dir='ltr'>ubivis</span> <span class='ocrx_word' id='word_1_120' title='bbox 2150 3361 2304 3444; x_wconf 86' lang='lat' dir='ltr'>unifor-</span> 
     </span>
     <span class='ocr_line' id='line_1_17' title="bbox 649 3467 2303 3586; baseline -0.001 -29"><span class='ocrx_word' id='word_1_121' title='bbox 649 3479 746 3572; x_wconf 90' lang='lat' dir='ltr'>mia,</span> <span class='ocrx_word' id='word_1_122' title='bbox 776 3478 847 3557; x_wconf 85' lang='lat' dir='ltr'>nili</span> <span class='ocrx_word' id='word_1_123' title='bbox 875 3475 984 3586; x_wconf 91' lang='lat' dir='ltr'>quod</span> <span class='ocrx_word' id='word_1_124' title='bbox 1020 3476 1070 3555; x_wconf 93' lang='lat' dir='ltr'>ad</span> <span class='ocrx_word' id='word_1_125' title='bbox 1099 3476 1286 3583; x_wconf 86' lang='lat' dir='ltr'>posticam</span> <span class='ocrx_word' id='word_1_126' title='bbox 1310 3496 1460 3583; x_wconf 87' lang='lat' dir='ltr'>partem</span> <span class='ocrx_word' id='word_1_127' title='bbox 1484 3477 1603 3585; x_wconf 78' lang='lat' dir='ltr'>paulb</span> <span class='ocrx_word' id='word_1_128' title='bbox 1633 3478 1765 3557; x_wconf 88' lang='lat' dir='ltr'>latiora</span> <span class='ocrx_word' id='word_1_129' title='bbox 1789 3472 1910 3583; x_wconf 66' lang='lat' dir='ltr'>quim</span> <span class='ocrx_word' id='word_1_130' title='bbox 1935 3467 2123 3553; x_wconf 79' lang='lat' dir='ltr'>anteriora</span> <span class='ocrx_word' id='word_1_131' title='bbox 2160 3471 2303 3569; x_wconf 88' lang='lat' dir='ltr'>versus,</span> 
     </span>
     <span class='ocr_line' id='line_1_18' title="bbox 649 3582 2306 3694; baseline -0.001 -23"><span class='ocrx_word' id='word_1_132' title='bbox 649 3588 832 3671; x_wconf 85' lang='lat' dir='ltr'>anteriori</span> <span class='ocrx_word' id='word_1_133' title='bbox 876 3612 944 3665; x_wconf 88' lang='lat' dir='ltr'>ora</span> <span class='ocrx_word' id='word_1_134' title='bbox 983 3585 1162 3676; x_wconf 89' lang='lat' dir='ltr'>rotunda,</span> <span class='ocrx_word' id='word_1_135' title='bbox 1206 3602 1437 3665; x_wconf 85' lang='lat' dir='ltr'>contextura</span> <span class='ocrx_word' id='word_1_136' title='bbox 1484 3584 1669 3667; x_wconf 90' lang='lat' dir='ltr'>nonnihil</span> <span class='ocrx_word' id='word_1_137' title='bbox 1713 3586 1843 3667; x_wconf 85' lang='lat' dir='ltr'>tenuia</span> <span class='ocrx_word' id='word_1_138' title='bbox 1878 3587 1917 3667; x_wconf 74' lang='grc' dir='ltr'>δι</span> <span class='ocrx_word' id='word_1_139' title='bbox 1943 3583 2075 3677; x_wconf 89' lang='lat' dir='ltr'>solida,</span> <span class='ocrx_word' id='word_1_140' title='bbox 2106 3582 2306 3694; x_wconf 88' lang='lat' dir='ltr'>superficie</span> 
     </span>
     <span class='ocr_line' id='line_1_19' title="bbox 653 3694 2307 3812; baseline -0.002 -31"><span class='ocrx_word' id='word_1_141' title='bbox 653 3700 782 3812; x_wconf 87' lang='lat' dir='ltr'>plana,</span> <span class='ocrx_word' id='word_1_142' title='bbox 812 3697 948 3782; x_wconf 81' lang='lat' dir='ltr'>viroris</span> <span class='ocrx_word' id='word_1_143' title='bbox 976 3694 1091 3790; x_wconf 86' lang='lat' dir='ltr'>fusci,</span> <span class='ocrx_word' id='word_1_144' title='bbox 1120 3697 1162 3773; x_wconf 89' lang='lat' dir='ltr'>in</span> <span class='ocrx_word' id='word_1_145' title='bbox 1181 3695 1332 3777; x_wconf 89' lang='lat' dir='ltr'>adversa</span> <span class='ocrx_word' id='word_1_146' title='bbox 1355 3697 1564 3793; x_wconf 84' lang='lat' dir='ltr'>dilutioris,</span> <span class='ocrx_word' id='word_1_147' title='bbox 1594 3698 1735 3809; x_wconf 88' lang='lat' dir='ltr'>saporis</span> <span class='ocrx_word' id='word_1_148' title='bbox 1763 3696 1862 3777; x_wconf 88' lang='lat' dir='ltr'>acidi</span> <span class='ocrx_word' id='word_1_149' title='bbox 1881 3697 1923 3775; x_wconf 92' lang='lat' dir='ltr'>in</span> <span class='ocrx_word' id='word_1_150' title='bbox 1948 3694 2097 3776; x_wconf 82' lang='lat' dir='ltr'>adversa</span> <span class='ocrx_word' id='word_1_151' title='bbox 2126 3714 2233 3807; x_wconf 87' lang='lat' dir='ltr'>parte</span> <span class='ocrx_word' id='word_1_152' title='bbox 2262 3698 2307 3777; x_wconf 88' lang='lat' dir='ltr'>in</span> 
     </span>
     <span class='ocr_line' id='line_1_20' title="bbox 652 3806 2305 3917; baseline -0.002 -24"><span class='ocrx_word' id='word_1_153' title='bbox 652 3812 784 3893; x_wconf 89' lang='lat' dir='ltr'>medio</span> <span class='ocrx_word' id='word_1_154' title='bbox 812 3834 950 3889; x_wconf 87' lang='lat' dir='ltr'>nervus</span> <span class='ocrx_word' id='word_1_155' title='bbox 970 3834 1109 3917; x_wconf 90' lang='lat' dir='ltr'>parum</span> <span class='ocrx_word' id='word_1_156' title='bbox 1134 3808 1325 3901; x_wconf 87' lang='lat' dir='ltr'>eminens,</span> <span class='ocrx_word' id='word_1_157' title='bbox 1355 3826 1472 3917; x_wconf 86' lang='lat' dir='ltr'>atque</span> <span class='ocrx_word' id='word_1_158' title='bbox 1504 3836 1553 3889; x_wconf 85' lang='lat' dir='ltr'>ex</span> <span class='ocrx_word' id='word_1_159' title='bbox 1581 3836 1627 3889; x_wconf 92' lang='lat' dir='ltr'>eo</span> <span class='ocrx_word' id='word_1_160' title='bbox 1652 3809 1802 3889; x_wconf 80' lang='lat' dir='ltr'>venulae</span> <span class='ocrx_word' id='word_1_161' title='bbox 1831 3806 2083 3888; x_wconf 83' lang='lat' dir='ltr'>subtiliffimae</span> <span class='ocrx_word' id='word_1_162' title='bbox 2110 3807 2208 3889; x_wconf 88' lang='lat' dir='ltr'>inse</span> <span class='ocrx_word' id='word_1_163' title='bbox 2239 3809 2305 3889; x_wconf 90' lang='lat' dir='ltr'>io-</span> 
     </span>
     <span class='ocr_line' id='line_1_21' title="bbox 653 3918 1974 4032; baseline 0 -31"><span class='ocrx_word' id='word_1_164' title='bbox 653 3923 782 4003; x_wconf 87' lang='lat' dir='ltr'>vicem</span> <span class='ocrx_word' id='word_1_165' title='bbox 801 3925 1041 4000; x_wconf 85' lang='lat' dir='ltr'>incurrentes</span> <span class='ocrx_word' id='word_1_166' title='bbox 1060 3938 1204 4000; x_wconf 83' lang='lat' dir='ltr'>exeunt</span> <span class='ocrx_word' id='word_1_167' title='bbox 1221 3919 1262 3997; x_wconf 89' lang='lat' dir='ltr'>in</span> <span class='ocrx_word' id='word_1_168' title='bbox 1291 3918 1441 4000; x_wconf 88' lang='lat' dir='ltr'>adversa</span> <span class='ocrx_word' id='word_1_169' title='bbox 1460 3918 1615 4001; x_wconf 74' lang='lat' dir='ltr'>tantum</span> <span class='ocrx_word' id='word_1_170' title='bbox 1633 3920 1862 4032; x_wconf 67' lang='lat' dir='ltr'>conspicuas.</span> <span class='ocrx_word' id='word_1_171' title='bbox 1970 4000 1974 4011; x_wconf 83' lang='grc'><strong>,</strong></span> 
     </span>
    </p>
   </div>
   <div class='ocr_carea' id='block_1_8' title="bbox 655 4064 2308 5061">
    <p class='ocr_par' dir='ltr' id='par_1_8' title="bbox 655 4064 2308 5061">
     <span class='ocr_line' id='line_1_22' title="bbox 711 4064 2308 4175; baseline -0.004 -24"><span class='ocrx_word' id='word_1_172' title='bbox 711 4070 838 4151; x_wconf 85' lang='lat' dir='ltr'>Flores</span> <span class='ocrx_word' id='word_1_173' title='bbox 859 4066 929 4175; x_wconf 89' lang='lat' dir='ltr'>qui</span> <span class='ocrx_word' id='word_1_174' title='bbox 958 4066 1225 4174; x_wconf 85' lang='lat' dir='ltr'>congregatim</span> <span class='ocrx_word' id='word_1_175' title='bbox 1251 4070 1353 4158; x_wconf 70' lang='lat' dir='ltr'>osto,</span> <span class='ocrx_word' id='word_1_176' title='bbox 1384 4064 1535 4158; x_wconf 87' lang='lat' dir='ltr'>decem,</span> <span class='ocrx_word' id='word_1_177' title='bbox 1565 4064 1654 4173; x_wconf 88' lang='lat' dir='ltr'>plus</span> <span class='ocrx_word' id='word_1_178' title='bbox 1684 4066 1815 4144; x_wconf 91' lang='lat' dir='ltr'>minus</span> <span class='ocrx_word' id='word_1_179' title='bbox 1847 4067 1888 4143; x_wconf 91' lang='lat' dir='ltr'>in</span> <span class='ocrx_word' id='word_1_180' title='bbox 1915 4066 2070 4173; x_wconf 88' lang='lat' dir='ltr'>petiolis</span> <span class='ocrx_word' id='word_1_181' title='bbox 2100 4065 2308 4161; x_wconf 88' lang='lat' dir='ltr'>viridibus,</span> 
     </span>
     <span class='ocr_line' id='line_1_23' title="bbox 655 4176 2308 4289; baseline -0.001 -31"><span class='ocrx_word' id='word_1_182' title='bbox 655 4181 794 4289; x_wconf 85' lang='lat' dir='ltr'>quiex</span> <span class='ocrx_word' id='word_1_183' title='bbox 812 4178 963 4284; x_wconf 86' lang='lat' dir='ltr'>origine</span> <span class='ocrx_word' id='word_1_184' title='bbox 987 4178 1226 4285; x_wconf 88' lang='lat' dir='ltr'>petiolorum</span> <span class='ocrx_word' id='word_1_185' title='bbox 1254 4176 1319 4256; x_wconf 90' lang='lat' dir='ltr'>seu</span> <span class='ocrx_word' id='word_1_186' title='bbox 1347 4176 1591 4256; x_wconf 88' lang='lat' dir='ltr'>surculorum</span> <span class='ocrx_word' id='word_1_187' title='bbox 1618 4176 1871 4256; x_wconf 89' lang='lat' dir='ltr'>soliaceorum</span> <span class='ocrx_word' id='word_1_188' title='bbox 1900 4177 2092 4269; x_wconf 92' lang='lat' dir='ltr'>oriuntur,</span> <span class='ocrx_word' id='word_1_189' title='bbox 2122 4180 2308 4287; x_wconf 90' lang='lat' dir='ltr'>proveni·</span> 
     </span>
     <span class='ocr_line' id='line_1_24' title="bbox 657 4285 2308 4397; baseline 0 -28"><span class='ocrx_word' id='word_1_190' title='bbox 657 4307 745 4383; x_wconf 92' lang='lat' dir='ltr'>unt,</span> <span class='ocrx_word' id='word_1_191' title='bbox 774 4290 950 4367; x_wconf 88' lang='lat' dir='ltr'>constant</span> <span class='ocrx_word' id='word_1_192' title='bbox 968 4286 1113 4397; x_wconf 89' lang='lat' dir='ltr'>septem</span> <span class='ocrx_word' id='word_1_193' title='bbox 1130 4287 1235 4367; x_wconf 85' lang='lat' dir='ltr'>foliis</span> <span class='ocrx_word' id='word_1_194' title='bbox 1260 4286 1390 4366; x_wconf 90' lang='lat' dir='ltr'>colore</span> <span class='ocrx_word' id='word_1_195' title='bbox 1411 4286 1694 4379; x_wconf 86' lang='lat' dir='ltr'>differentibus,</span> <span class='ocrx_word' id='word_1_196' title='bbox 1713 4315 1807 4367; x_wconf 90' lang='lat' dir='ltr'>cum</span> <span class='ocrx_word' id='word_1_197' title='bbox 1821 4285 1965 4396; x_wconf 90' lang='lat' dir='ltr'>quibus</span> <span class='ocrx_word' id='word_1_198' title='bbox 1990 4286 2111 4394; x_wconf 89' lang='lat' dir='ltr'>calyci</span> <span class='ocrx_word' id='word_1_199' title='bbox 2133 4290 2308 4369; x_wconf 85' lang='lat' dir='ltr'>craffiolo</span> 
     </span>
     <span class='ocr_line' id='line_1_25' title="bbox 657 4396 2307 4507; baseline -0.001 -26"><span class='ocrx_word' id='word_1_200' title='bbox 657 4403 698 4481; x_wconf 76' lang='grc' dir='ltr'>δι</span> <span class='ocrx_word' id='word_1_201' title='bbox 721 4401 889 4479; x_wconf 92' lang='lat' dir='ltr'>rotundo</span> <span class='ocrx_word' id='word_1_202' title='bbox 911 4398 1093 4491; x_wconf 90' lang='lat' dir='ltr'>infident,</span> <span class='ocrx_word' id='word_1_203' title='bbox 1117 4426 1161 4477; x_wconf 94' lang='lat' dir='ltr'>ac</span> <span class='ocrx_word' id='word_1_204' title='bbox 1184 4398 1311 4478; x_wconf 86' lang='lat' dir='ltr'>odoris</span> <span class='ocrx_word' id='word_1_205' title='bbox 1335 4398 1481 4477; x_wconf 89' lang='lat' dir='ltr'>nullius</span> <span class='ocrx_word' id='word_1_206' title='bbox 1494 4437 1507 4491; x_wconf 69' lang='grc' dir='ltr'>ς</span> <span class='ocrx_word' id='word_1_207' title='bbox 1539 4426 1587 4479; x_wconf 87' lang='lat' dir='ltr'>ex</span> <span class='ocrx_word' id='word_1_208' title='bbox 1612 4396 1717 4477; x_wconf 83' lang='lat' dir='ltr'>soliis</span> <span class='ocrx_word' id='word_1_209' title='bbox 1745 4417 1912 4507; x_wconf 86' lang='lat' dir='ltr'>quatuor</span> <span class='ocrx_word' id='word_1_210' title='bbox 1935 4426 2022 4507; x_wconf 86' lang='lat' dir='ltr'>quae</span> <span class='ocrx_word' id='word_1_211' title='bbox 2047 4396 2213 4480; x_wconf 72' lang='lat' dir='ltr'>exterius</span> <span class='ocrx_word' id='word_1_212' title='bbox 2239 4402 2307 4481; x_wconf 86' lang='lat' dir='ltr'>srta</span> 
     </span>
     <span class='ocr_line' id='line_1_26' title="bbox 658 4508 2308 4621; baseline -0.001 -30"><span class='ocrx_word' id='word_1_213' title='bbox 658 4513 748 4591; x_wconf 92' lang='lat' dir='ltr'>sunt</span> <span class='ocrx_word' id='word_1_214' title='bbox 767 4510 896 4589; x_wconf 89' lang='lat' dir='ltr'>colore</span> <span class='ocrx_word' id='word_1_215' title='bbox 917 4509 961 4587; x_wconf 92' lang='lat' dir='ltr'>in</span> <span class='ocrx_word' id='word_1_216' title='bbox 987 4527 1118 4587; x_wconf 89' lang='lat' dir='ltr'>totum</span> <span class='ocrx_word' id='word_1_217' title='bbox 1140 4509 1320 4601; x_wconf 90' lang='lat' dir='ltr'>candido,</span> <span class='ocrx_word' id='word_1_218' title='bbox 1349 4508 1600 4618; x_wconf 90' lang='lat' dir='ltr'>postmodum</span> <span class='ocrx_word' id='word_1_219' title='bbox 1619 4537 1756 4619; x_wconf 88' lang='lat' dir='ltr'>parum</span> <span class='ocrx_word' id='word_1_220' title='bbox 1788 4508 2109 4603; x_wconf 87' lang='lat' dir='ltr'>subflavescentia,</span> <span class='ocrx_word' id='word_1_221' title='bbox 2140 4510 2308 4621; x_wconf 89' lang='lat' dir='ltr'>suntque</span> 
     </span>
     <span class='ocr_line' id='line_1_27' title="bbox 656 4616 2308 4733; baseline -0.002 -29"><span class='ocrx_word' id='word_1_222' title='bbox 656 4622 842 4730; x_wconf 89' lang='lat' dir='ltr'>oblonga,</span> <span class='ocrx_word' id='word_1_223' title='bbox 873 4616 1040 4699; x_wconf 68' lang='lat' dir='ltr'>anterius</span> <span class='ocrx_word' id='word_1_224' title='bbox 1074 4620 1283 4731; x_wconf 90' lang='lat' dir='ltr'>cuspidata,</span> <span class='ocrx_word' id='word_1_225' title='bbox 1313 4620 1459 4715; x_wconf 85' lang='lat' dir='ltr'>tenuia,</span> <span class='ocrx_word' id='word_1_226' title='bbox 1488 4621 1608 4701; x_wconf 91' lang='lat' dir='ltr'>nullis</span> <span class='ocrx_word' id='word_1_227' title='bbox 1637 4620 1788 4700; x_wconf 91' lang='lat' dir='ltr'>venulis</span> <span class='ocrx_word' id='word_1_228' title='bbox 1817 4620 1955 4715; x_wconf 83' lang='lat' dir='ltr'>striata,</span> <span class='ocrx_word' id='word_1_229' title='bbox 1981 4622 2052 4701; x_wconf 88' lang='lat' dir='ltr'>tria</span> <span class='ocrx_word' id='word_1_230' title='bbox 2080 4648 2166 4729; x_wconf 88' lang='lat' dir='ltr'>quae</span> <span class='ocrx_word' id='word_1_231' title='bbox 2196 4622 2308 4733; x_wconf 86' lang='lat' dir='ltr'>supra</span> 
     </span>
     <span class='ocr_line' id='line_1_28' title="bbox 657 4730 2307 4842; baseline 0 -29"><span class='ocrx_word' id='word_1_232' title='bbox 657 4762 707 4815; x_wconf 88' lang='lat' dir='ltr'>ex</span> <span class='ocrx_word' id='word_1_233' title='bbox 730 4732 875 4815; x_wconf 89' lang='lat' dir='ltr'>horum</span> <span class='ocrx_word' id='word_1_234' title='bbox 902 4730 1091 4812; x_wconf 89' lang='lat' dir='ltr'>foliorum</span> <span class='ocrx_word' id='word_1_235' title='bbox 1115 4731 1338 4841; x_wconf 86' lang='lat' dir='ltr'>unguiculis</span> <span class='ocrx_word' id='word_1_236' title='bbox 1369 4731 1416 4810; x_wconf 91' lang='lat' dir='ltr'>ad</span> <span class='ocrx_word' id='word_1_237' title='bbox 1443 4758 1562 4811; x_wconf 89' lang='lat' dir='ltr'>unam</span> <span class='ocrx_word' id='word_1_238' title='bbox 1581 4748 1728 4842; x_wconf 86' lang='lat' dir='ltr'>partem</span> <span class='ocrx_word' id='word_1_239' title='bbox 1758 4732 1951 4841; x_wconf 91' lang='lat' dir='ltr'>prodeunt</span> <span class='ocrx_word' id='word_1_240' title='bbox 1982 4758 2026 4812; x_wconf 87' lang='lat' dir='ltr'>ac</span> <span class='ocrx_word' id='word_1_241' title='bbox 2051 4734 2211 4814; x_wconf 90' lang='lat' dir='ltr'>interius</span> <span class='ocrx_word' id='word_1_242' title='bbox 2240 4734 2307 4813; x_wconf 85' lang='lat' dir='ltr'>fita</span> 
     </span>
     <span class='ocr_line' id='line_1_29' title="bbox 658 4842 2307 4953; baseline -0.001 -29"><span class='ocrx_word' id='word_1_243' title='bbox 658 4845 763 4938; x_wconf 89' lang='lat' dir='ltr'>sunt,</span> <span class='ocrx_word' id='word_1_244' title='bbox 793 4844 981 4922; x_wconf 87' lang='lat' dir='ltr'>anteriora</span> <span class='ocrx_word' id='word_1_245' title='bbox 1007 4842 1132 4921; x_wconf 86' lang='lat' dir='ltr'>versus</span> <span class='ocrx_word' id='word_1_246' title='bbox 1158 4843 1281 4952; x_wconf 86' lang='lat' dir='ltr'>magis</span> <span class='ocrx_word' id='word_1_247' title='bbox 1315 4842 1551 4935; x_wconf 89' lang='lat' dir='ltr'>rotundiola,</span> <span class='ocrx_word' id='word_1_248' title='bbox 1580 4844 1621 4921; x_wconf 89' lang='lat' dir='ltr'>in</span> <span class='ocrx_word' id='word_1_249' title='bbox 1651 4842 1727 4921; x_wconf 83' lang='lat' dir='ltr'>oris</span> <span class='ocrx_word' id='word_1_250' title='bbox 1754 4845 1921 4923; x_wconf 90' lang='lat' dir='ltr'>tenuiter</span> <span class='ocrx_word' id='word_1_251' title='bbox 1946 4844 2119 4953; x_wconf 88' lang='lat' dir='ltr'>crispata,</span> <span class='ocrx_word' id='word_1_252' title='bbox 2140 4846 2179 4924; x_wconf 76' lang='grc' dir='ltr'>δι</span> <span class='ocrx_word' id='word_1_253' title='bbox 2206 4845 2307 4923; x_wconf 88' lang='lat' dir='ltr'>inter</span> 
     </span>
     <span class='ocr_line' id='line_1_30' title="bbox 660 4952 2307 5061; baseline 0 -26"><span class='ocrx_word' id='word_1_254' title='bbox 660 4955 833 5035; x_wconf 89' lang='lat' dir='ltr'>colorem</span> <span class='ocrx_word' id='word_1_255' title='bbox 852 4954 988 5031; x_wconf 89' lang='lat' dir='ltr'>album</span> <span class='ocrx_word' id='word_1_256' title='bbox 1010 4955 1080 5061; x_wconf 92' lang='lat' dir='ltr'>qui</span> <span class='ocrx_word' id='word_1_257' title='bbox 1105 4954 1222 5032; x_wconf 88' lang='lat' dir='ltr'>etiam</span> <span class='ocrx_word' id='word_1_258' title='bbox 1255 4956 1297 5033; x_wconf 91' lang='lat' dir='ltr'>in</span> <span class='ocrx_word' id='word_1_259' title='bbox 1325 4952 1583 5033; x_wconf 90' lang='lat' dir='ltr'>adultioribus</span> <span class='ocrx_word' id='word_1_260' title='bbox 1609 4952 1860 5047; x_wconf 84' lang='lat' dir='ltr'>subflavescit,</span> <span class='ocrx_word' id='word_1_261' title='bbox 1888 4957 1995 5035; x_wconf 89' lang='lat' dir='ltr'>venis</span> <span class='ocrx_word' id='word_1_262' title='bbox 2024 4955 2150 5035; x_wconf 90' lang='lat' dir='ltr'>rubris</span> <span class='ocrx_word' id='word_1_263' title='bbox 2184 4958 2307 5035; x_wconf 88' lang='lat' dir='ltr'>varie-</span> 
     </span>
    </p>
   </div>
   <div class='ocr_carea' id='block_1_9' title="bbox 659 5062 2462 5176">
    <p class='ocr_par' dir='ltr' id='par_1_9' title="bbox 659 5062 2462 5176">
     <span class='ocr_line' id='line_1_31' title="bbox 659 5062 2462 5176; baseline 0.001 -31"><span class='ocrx_word' id='word_1_264' title='bbox 659 5085 760 5175; x_wconf 89' lang='lat' dir='ltr'>gata,</span> <span class='ocrx_word' id='word_1_265' title='bbox 791 5064 957 5171; x_wconf 89' lang='lat' dir='ltr'>suntque</span> <span class='ocrx_word' id='word_1_266' title='bbox 984 5090 1121 5141; x_wconf 90' lang='lat' dir='ltr'>eorum</span> <span class='ocrx_word' id='word_1_267' title='bbox 1149 5064 1227 5144; x_wconf 92' lang='lat' dir='ltr'>duo</span> <span class='ocrx_word' id='word_1_268' title='bbox 1260 5064 1419 5172; x_wconf 88' lang='lat' dir='ltr'>reliquis</span> <span class='ocrx_word' id='word_1_269' title='bbox 1447 5066 1594 5171; x_wconf 86' lang='lat' dir='ltr'>majora</span> <span class='ocrx_word' id='word_1_270' title='bbox 1624 5082 1720 5173; x_wconf 88' lang='lat' dir='ltr'>puta</span> <span class='ocrx_word' id='word_1_271' title='bbox 1744 5064 1921 5173; x_wconf 87' lang='lat' dir='ltr'>longiora</span> <span class='ocrx_word' id='word_1_272' title='bbox 1943 5070 1982 5146; x_wconf 78' lang='lat' dir='ltr'>bt</span> <span class='ocrx_word' id='word_1_273' title='bbox 2012 5066 2160 5162; x_wconf 88' lang='lat' dir='ltr'>latiora,</span> <span class='ocrx_word' id='word_1_274' title='bbox 2192 5064 2308 5176; x_wconf 84' lang='lat' dir='ltr'>atque</span> <span class='ocrx_word' id='word_1_275' title='bbox 2458 5062 2462 5069; x_wconf 68' lang='grc'><strong>’</strong></span> 
     </span>
    </p>
   </div>
   <div class='ocr_carea' id='block_1_10' title="bbox 660 5172 2307 5258">
    <p class='ocr_par' dir='ltr' id='par_1_10' title="bbox 660 5172 2307 5258">
     <span class='ocr_line' id='line_1_32' title="bbox 660 5172 2307 5258; baseline 0.001 -2"><span class='ocrx_word' id='word_1_276' title='bbox 660 5177 821 5257; x_wconf 91' lang='lat' dir='ltr'>tertium</span> <span class='ocrx_word' id='word_1_277' title='bbox 841 5176 942 5252; x_wconf 90' lang='lat' dir='ltr'>inter</span> <span class='ocrx_word' id='word_1_278' title='bbox 960 5172 1028 5251; x_wconf 90' lang='lat' dir='ltr'>illa</span> <span class='ocrx_word' id='word_1_279' title='bbox 1052 5175 1131 5252; x_wconf 93' lang='lat' dir='ltr'>duo</span> <span class='ocrx_word' id='word_1_280' title='bbox 1155 5177 1434 5255; x_wconf 87' lang='lat' dir='ltr'>intermedium</span> <span class='ocrx_word' id='word_1_281' title='bbox 1453 5175 1665 5255; x_wconf 61' lang='lat' dir='ltr'>surrectum</span> <span class='ocrx_word' id='word_1_282' title='bbox 1690 5176 1745 5255; x_wconf 90' lang='lat' dir='ltr'>est</span> <span class='ocrx_word' id='word_1_283' title='bbox 1771 5178 1810 5255; x_wconf 77' lang='lat' dir='ltr'>bc</span> <span class='ocrx_word' id='word_1_284' title='bbox 1839 5177 2106 5256; x_wconf 90' lang='lat' dir='ltr'>minusculum</span> <span class='ocrx_word' id='word_1_285' title='bbox 2131 5207 2175 5258; x_wconf 88' lang='lat' dir='ltr'>ac</span> <span class='ocrx_word' id='word_1_286' title='bbox 2197 5198 2307 5258; x_wconf 90' lang='lat' dir='ltr'>ante-</span> 
     </span>
    </p>
   </div>
   <div class='ocr_carea' id='block_1_11' title="bbox 661 5284 2390 5480">
    <p class='ocr_par' dir='ltr' id='par_1_11' title="bbox 661 5284 2390 5480">
     <span class='ocr_line' id='line_1_33' title="bbox 661 5284 2390 5477; baseline -0.002 -107"><span class='ocrx_word' id='word_1_287' title='bbox 661 5284 916 5477; x_wconf 66' lang='lat' dir='ltr'>riushpuspide</span> <span class='ocrx_word' id='word_1_288' title='bbox 939 5312 1057 5395; x_wconf 87' lang='lat' dir='ltr'>parvo</span> <span class='ocrx_word' id='word_1_289' title='bbox 1082 5284 1251 5366; x_wconf 87' lang='lat' dir='ltr'>subflavo</span> <span class='ocrx_word' id='word_1_290' title='bbox 1269 5288 1459 5381; x_wconf 89' lang='lat' dir='ltr'>eminens,</span> <span class='ocrx_word' id='word_1_291' title='bbox 1489 5286 1642 5408; x_wconf 89' lang='lat' dir='ltr'>orisque</span> <span class='ocrx_word' id='word_1_292' title='bbox 1669 5286 1850 5368; x_wconf 86' lang='lat' dir='ltr'>interiora</span> <span class='ocrx_word' id='word_1_293' title='bbox 1874 5288 2000 5368; x_wconf 87' lang='lat' dir='ltr'>versus</span> <span class='ocrx_word' id='word_1_294' title='bbox 2020 5291 2225 5369; x_wconf 73' lang='lat' dir='ltr'>contraslis</span> <span class='ocrx_word' id='word_1_295' title='bbox 2245 5290 2308 5368; x_wconf 85' lang='lat' dir='ltr'>seu</span> <span class='ocrx_word' id='word_1_296' title='bbox 2382 5372 2390 5395; x_wconf 89' lang='lat'><strong>.</strong></span> 
     </span>
     <span class='ocr_line' id='line_1_34' title="bbox 661 5417 1041 5480; baseline -0.013 0"><span class='ocrx_word' id='word_1_297' title='bbox 661 5427 732 5480; x_wconf 90' lang='lat' dir='ltr'>coc</span> <span class='ocrx_word' id='word_1_298' title='bbox 779 5417 1041 5477; x_wconf 84' lang='lat' dir='ltr'>cato-cavum.</span> 
     </span>
    </p>
   </div>
   <div class='ocr_carea' id='block_1_12' title="bbox 657 5549 2312 5988">
    <p class='ocr_par' dir='ltr' id='par_1_12' title="bbox 657 5549 2312 5988">
     <span class='ocr_line' id='line_1_35' title="bbox 682 5549 2311 5668; baseline 0.005 -35"><span class='ocrx_word' id='word_1_299' title='bbox 682 5549 684 5555; x_wconf 70' lang='grc'><em>’</em></span> <span class='ocrx_word' id='word_1_300' title='bbox 719 5555 755 5633; x_wconf 92' lang='lat' dir='ltr'><strong>E</strong></span> <span class='ocrx_word' id='word_1_301' title='bbox 784 5552 916 5631; x_wconf 88' lang='lat' dir='ltr'>medio</span> <span class='ocrx_word' id='word_1_302' title='bbox 947 5550 1109 5632; x_wconf 84' lang='lat' dir='ltr'>stamina</span> <span class='ocrx_word' id='word_1_303' title='bbox 1136 5551 1272 5634; x_wconf 88' lang='lat' dir='ltr'>viridia</span> <span class='ocrx_word' id='word_1_304' title='bbox 1299 5554 1511 5664; x_wconf 85' lang='lat' dir='ltr'>exsurgunt</span> <span class='ocrx_word' id='word_1_305' title='bbox 1546 5556 1619 5636; x_wconf 89' lang='lat' dir='ltr'>tria</span> <span class='ocrx_word' id='word_1_306' title='bbox 1650 5556 1810 5637; x_wconf 89' lang='lat' dir='ltr'>incurva</span> <span class='ocrx_word' id='word_1_307' title='bbox 1836 5586 1923 5667; x_wconf 83' lang='lat' dir='ltr'>quae</span> <span class='ocrx_word' id='word_1_308' title='bbox 1961 5558 2067 5668; x_wconf 90' lang='lat' dir='ltr'>prius</span> <span class='ocrx_word' id='word_1_309' title='bbox 2099 5560 2142 5638; x_wconf 90' lang='lat' dir='ltr'>in</span> <span class='ocrx_word' id='word_1_310' title='bbox 2182 5586 2311 5641; x_wconf 91' lang='lat' dir='ltr'>unum</span> 
     </span>
     <span class='ocr_line' id='line_1_36' title="bbox 657 5664 2311 5776; baseline 0.005 -34"><span class='ocrx_word' id='word_1_311' title='bbox 657 5667 795 5774; x_wconf 70' lang='lat' dir='ltr'>jutitia</span> <span class='ocrx_word' id='word_1_312' title='bbox 823 5664 924 5759; x_wconf 90' lang='lat' dir='ltr'>sunt,</span> <span class='ocrx_word' id='word_1_313' title='bbox 954 5664 1039 5774; x_wconf 91' lang='lat' dir='ltr'>post</span> <span class='ocrx_word' id='word_1_314' title='bbox 1070 5665 1329 5745; x_wconf 88' lang='lat' dir='ltr'>divaricantur</span> <span class='ocrx_word' id='word_1_315' title='bbox 1360 5666 1600 5776; x_wconf 89' lang='lat' dir='ltr'>respicientia</span> <span class='ocrx_word' id='word_1_316' title='bbox 1628 5665 1772 5751; x_wconf 88' lang='lat' dir='ltr'>folium</span> <span class='ocrx_word' id='word_1_317' title='bbox 1800 5669 2026 5763; x_wconf 63' lang='lat' dir='ltr'>surrectum,</span> <span class='ocrx_word' id='word_1_318' title='bbox 2056 5670 2136 5750; x_wconf 92' lang='lat' dir='ltr'>duo</span> <span class='ocrx_word' id='word_1_319' title='bbox 2165 5668 2311 5751; x_wconf 91' lang='lat' dir='ltr'>horum</span> 
     </span>
     <span class='ocr_line' id='line_1_37' title="bbox 664 5776 2312 5895; baseline 0.006 -44"><span class='ocrx_word' id='word_1_320' title='bbox 664 5776 852 5855; x_wconf 87' lang='lat' dir='ltr'>exteriora</span> <span class='ocrx_word' id='word_1_321' title='bbox 864 5795 1027 5885; x_wconf 85' lang='lat' dir='ltr'>excepto</span> <span class='ocrx_word' id='word_1_322' title='bbox 1054 5776 1285 5857; x_wconf 90' lang='lat' dir='ltr'>intermedio</span> <span class='ocrx_word' id='word_1_323' title='bbox 1303 5777 1479 5889; x_wconf 88' lang='lat' dir='ltr'>apicibus</span> <span class='ocrx_word' id='word_1_324' title='bbox 1507 5778 1637 5859; x_wconf 90' lang='lat' dir='ltr'>dotata</span> <span class='ocrx_word' id='word_1_325' title='bbox 1655 5780 1757 5879; x_wconf 90' lang='lat' dir='ltr'>sunt,</span> <span class='ocrx_word' id='word_1_326' title='bbox 1784 5782 1855 5895; x_wconf 92' lang='lat' dir='ltr'>qui</span> <span class='ocrx_word' id='word_1_327' title='bbox 1872 5777 2047 5892; x_wconf 75' lang='lat' dir='ltr'>primum</span> <span class='ocrx_word' id='word_1_328' title='bbox 2065 5780 2167 5880; x_wconf 86' lang='lat' dir='ltr'>flavi,</span> <span class='ocrx_word' id='word_1_329' title='bbox 2183 5782 2312 5895; x_wconf 84' lang='lat' dir='ltr'>postea</span> 
     </span>
     <span class='ocr_line' id='line_1_38' title="bbox 662 5881 1636 5988; baseline 0.01 -23"><span class='ocrx_word' id='word_1_330' title='bbox 662 5881 757 5966; x_wconf 82' lang='lat' dir='ltr'>clun</span> <span class='ocrx_word' id='word_1_331' title='bbox 775 5884 871 5968; x_wconf 86' lang='lat' dir='ltr'>solia</span> <span class='ocrx_word' id='word_1_332' title='bbox 894 5886 1186 5988; x_wconf 86' lang='lat' dir='ltr'>subflavescuut,</span> <span class='ocrx_word' id='word_1_333' title='bbox 1216 5888 1456 5973; x_wconf 88' lang='lat' dir='ltr'>rubro-fusci</span> <span class='ocrx_word' id='word_1_334' title='bbox 1480 5890 1636 5975; x_wconf 85' lang='lat' dir='ltr'>coloris.</span> 
     </span>
    </p>
   </div>
   <div class='ocr_carea' id='block_1_13' title="bbox 1390 6006 2311 6101">
    <p class='ocr_par' dir='ltr' id='par_1_13' title="bbox 1390 6006 2311 6101">
     <span class='ocr_line' id='line_1_39' title="bbox 1390 6006 2311 6101; baseline -0.005 -12"><span class='ocrx_word' id='word_1_335' title='bbox 1390 6028 1416 6089; x_wconf 83' lang='lat'><em>2</em></span> <span class='ocrx_word' id='word_1_336' title='bbox 1948 6094 1951 6101; x_wconf 59' lang='grc'><strong>,</strong></span> <span class='ocrx_word' id='word_1_337' title='bbox 2202 6006 2311 6087; x_wconf 87' lang='lat' dir='ltr'>Cum</span> 
     </span>
    </p>
   </div>
   <div class='ocr_carea' id='block_1_14' title="bbox 0 0 3074 6948">
    <p class='ocr_par' dir='ltr' id='par_1_14' title="bbox 0 0 3074 6948">
     <span class='ocr_line' id='line_1_40' title="bbox 0 0 3074 6948; baseline 0 0"><span class='ocrx_word' id='word_1_338' title='bbox 0 0 3074 6948; x_wconf 95' lang='lat' dir='ltr'> </span> 
     </span>
    </p>
   </div>
  </div>
 </body>
</html>
