6092 6950
956 843 1913 944 Mssnsnurcus
2217 845 2286 972 m

742 1241 2177 1369 CANSCHENA-POU.

861 1509 1360 1625 BAUHINIA
1446 1509 2081 1669 rousurost.

1307 1890 1476 2001 FIG?
1541 1917 1590 2001 35

746 2069 1045 2180 Atffchena-Pou
1088 2067 1142 2146 est
1186 2087 1322 2176 quarta
1363 2066 1505 2177 species
1551 2067 1748 2150 Manda'ru
1787 2085 1935 2162 vocata,
1979 2068 2115 2178 lingua
2153 2072 2283 2158 Bram.

777 2181 979 2291 Cantscr'nu,
992 2180 1046 2258 est
1060 2207 1218 2287 quoque
1236 2181 1350 2259 arbor
1363 2179 1569 2258 altitudine
1587 2180 1758 2259 duorum
1772 2179 1896 2260 ferme
1914 2177 2141 2276 hominum,
2158 2211 2285 2266 ramos

774 2319 933 2400 quoque
952 2291 1086 2371 densos
1103 2290 1341 2370 transverfim
1369 2289 1609 2372 diffundens.

691 2512 815 2597 Radix
834 2514 939 2592 intus
965 2512 1018 2594 est
1036 2513 1196 2594 corculo
1220 2514 1332 2598 flavo.

693 2736 842 2816 Caudex
864 2735 919 2814 est
943 2736 1103 2815 craffitie
1128 2734 1251 2815 ferme
1274 2736 1490 2846 semipedis.

692 2959 799 3042 Folia
824 2954 908 3036 haec
933 2957 1115 3044 bifida&
1143 2958 1222 3038 illis
1256 2959 1433 3067 priorum
1458 2956 1672 3067 specierum
1699 2955 1851 3048 similia,
1882 2954 1944 3035 sed
1970 2955 2099 3038 multo
2120 2960 2289 3056 minora,

636 3069 821 3149 lateribus
847 3069 972 3147 versus
995 3071 1197 3162 anteriora,
1227 3088 1273 3148 ut
1291 3069 1359 3148 illa
1375 3069 1511 3179 primae
1531 3069 1667 3179 speciei
1694 3066 1944 3160 rotundiolis‚
1961 3095 2004 3148 ac
2025 3071 2073 3152 ad
2092 3072 2288 3182 petiolum

636 3179 862 3260 rectioribus
904 3181 996 3273 oris,
1040 3181 1152 3260 nullo
1177 3178 1300 3260 ferme
1342 3180 1486 3289 angulo
1519 3182 1561 3258 in
1601 3181 1783 3273 curvatis,
1813 3180 1855 3258 in
1894 3197 2057 3288 utraque
2089 3183 2290 3292 superficie

637 3291 746 3371 valde
773 3293 876 3371 lenia
915 3295 954 3371 δι
985 3292 1106 3401 pilosa
1141 3293 1340 3400 lanugine,
1370 3293 1488 3372 odore
1512 3293 1602 3371 sunt
1629 3292 1736 3386 forti,
1767 3288 1941 3370 maxims
1969 3289 2063 3374 curn
2094 3312 2286 3389 teruntur,

635 3403 849 3514 vespertino
873 3430 918 3485 ac
946 3407 1140 3484 nosturno
1166 3409 1341 3512 tempore
1364 3404 1546 3483 interiora
1573 3403 1699 3483 versus
1728 3400 1855 3481 clausa
1878 3399 1982 3481 sunt.

692 3627 832 3717 Flores,
863 3624 933 3731 qui
963 3622 1132 3704 unifolio
1161 3624 1596 3733 viridi-succinguntur,
1626 3621 1981 3703 albo-flavescentes
2016 3624 2192 3736 quinque
2222 3619 2289 3710 so·

636 3738 796 3829 liorum,
824 3763 910 3844 quae
947 3734 1369 3845 oblongo-rotundiora
1405 3738 1444 3814 &
1478 3734 1613 3815 latiora
1641 3762 1685 3815 ac
1719 3734 1942 3843 unguiculis
1966 3756 2109 3817 mutuo
2140 3766 2290 3821 convo-

636 3851 719 3928 luta
747 3849 862 3939 sunt;
894 3875 1021 3925 unum
1046 3846 1067 3925 ὲ
1104 3846 1210 3927 foliis
1239 3848 1346 3957 quod
1371 3846 1496 3954 magis
1527 3846 1739 3927 surreslum
1769 3846 1822 3925 est
1848 3849 1887 3925 dc
1917 3850 2114 3955 angustius
2141 3878 2185 3930 ac
2213 3853 2295 3932 oris

636 3962 761 4039 versus
787 3959 969 4036 interiora
986 3961 1192 4038 contractis
1214 3958 1262 4037 ad
1288 3957 1551 4069 unguiculum
1571 3958 1801 4067 insignitum
1827 3956 1880 4034 est
1899 3958 2050 4066 pistura
2071 3987 2289 4073 purpureo-

636 4069 1034 4150 rubicundo-obscuri
1059 4070 1215 4164 coloris,
1246 4098 1332 4177 quae
1357 4069 1503 4151 folium
1516 4097 1681 4179 parvum
1700 4070 1743 4147 in
1771 4068 1994 4148 summitate
2014 4092 2292 4163 acuminatum
2409 4079 2416 4091 ‘

638 4182 890 4291 repraesentat.
953 4182 1064 4260 Odor
1090 4184 1146 4259 eis
1172 4181 1321 4262 nullus.

694 4403 875 4495 Stamina,
905 4430 991 4509 quae
1011 4429 1169 4510 quoque
1188 4403 1322 4497 docem
1355 4399 1516 4496 habent,
1546 4398 1895 4481 albo-flavescentia
1929 4401 2180 4485 incurvatum
2203 4395 2290 4489 ver·

637 4513 699 4594 sus
717 4512 874 4604 folium,
906 4514 1013 4619 quod
1044 4515 1167 4621 magis
1194 4516 1406 4595 surrectum
1429 4512 1483 4591 est
1512 4540 1557 4591 ac
1586 4514 1737 4621 pistura
1763 4512 2009 4619 infignitum,
2040 4536 2173 4596 ornata
2202 4521 2290 4626 api·

637 4626 749 4705 cibus
781 4623 963 4733 oblongis
996 4625 1036 4703 δι
1065 4623 1184 4704 flavis.
1246 4628 1294 4705 In
1322 4620 1450 4704 medio
1470 4650 1629 4732 quoque
1646 4650 1807 4732 germen
1826 4621 1972 4733 filiquae
1991 4652 2039 4707 ex
2068 4626 2292 4711 summitate

639 4734 887 4818 filamentum
903 4734 1193 4815 craffiusculum
1218 4737 1374 4843 ejiciens
1394 4736 1431 4816 se
1456 4735 1601 4844 prodit.

696 4960 843 5069 Siliquae
867 4958 955 5037 sunt
980 4958 1226 5067 longitudine
1263 4977 1309 5039 ut
1343 4958 1419 5039 illae
1455 4956 1590 5067 prirnae
1622 4956 1774 5069 speciei,
1804 4986 1848 5041 ac
1881 4958 2062 5041 exteriori
2091 4959 2291 5071 superficie

639 5069 751 5151 ualds
774 5069 879 5149 lenes
905 5072 945 5148 ἃ
964 5070 1214 5177 lanuginosae,
1244 5067 1337 5152 ciun
1357 5071 1562 5152 teneriores
1583 5068 1685 5149 sunt.

695 5292 812 5375 Fabae
827 5291 940 5377 ualde
958 5319 1081 5401 parvae
1111 5291 1251 5371 loculis
1277 5292 1364 5372 satis
1394 5292 1497 5385 latis,
1528 5319 1614 5398 quae
1632 5292 1956 5402 intersepimentis
1981 5292 2290 5401 interstinguun·

639 5422 717 5496 tur,
748 5420 952 5496 contentae,
984 5431 1077 5482 cum
1097 5403 1162 5481 sua
1185 5404 1431 5511 longitudine
1449 5429 1608 5512 quoque
1633 5404 1803 5510 jacentes
1835 5405 1877 5484 in
1897 5405 2102 5488 latitudine
2132 5404 2291 5515 filiqua·
2462 5430 2469 5437 ·

640 5542 744 5608 rum,
775 5514 915 5595 similes
939 5513 1039 5594 fabis
1061 5513 1576 5644 Veluttoa-Manddrusorma
1603 5516 1642 5593 &
1671 5517 1814 5597 colore.

696 5700 822 5819 Floret
840 5738 900 5821 bis
931 5756 1033 5850 terve
1051 5733 1135 5821 haec
1162 5736 1275 5821 arbor
1301 5736 1344 5817 in
1374 5765 1476 5821 anno
1494 5738 1572 5821 fert
1590 5758 1765 5850 tempore
1789 5736 1967 5851 pluvioso
1996 5734 2173 5819 uberiore
2193 5761 2289 5844 pro·

641 5861 775 5931 ventu.

2021 5960 2064 6049 V
2082 5958 2171 6043 IR
2199 5960 2237 6041 Ε
2266 5960 2298 6046 S
