6092 6950
992 753 1963 857 Matauna1uua
2229 761 2303 890 a,

829 1049 2087 1256 ouxurmrxta
2297 1238 2342 1270 „

646 1368 1512 1532 rnunxuauournun
1593 1371 2291 1490 anrsxurrotrn.
2439 1323 2443 1332 ’

1323 1637 1493 1718 FIG.
1551 1665 1622 1750 47.

761 1761 1022 1858 Urutu-Pa'la,
1044 1759 1130 1872 quas
1149 1762 1315 1846 secunda
1336 1760 1589 1872 speciesPa'la
1605 1761 1675 1854 est,
1687 1761 1786 1870 ling.
1807 1762 1941 1842 Bram.
1963 1760 2077 1857 cada,
2097 1764 2152 1845 est
2170 1769 2297 1857 arbor·

649 1769 762 2015 C
768 1877 932 1959 humilis
946 1875 1152 1956 altitudine
1170 1876 1286 1957 unius
1304 1870 1479 1954 hominis
1498 1873 1731 1967 duorumve,
1758 1873 1918 1954 nascens
1937 1875 1982 1953 in
1995 1878 2181 1961 arenofis.

699 2097 825 2180 Radix
852 2093 982 2178 minias
1003 2093 1166 2175 demisse
1192 2093 1372 2188 subfidet,
1404 2094 1546 2173 radices
1571 2093 1745 2172 laterales
1773 2091 1852 2173 lati:
1872 2123 2030 2204 quoque
2044 2097 2286 2200 diffundens,

643 2213 787 2292 cortice
815 2209 990 2290 subflavo.
1007 2235 1052 2287 ac
1070 2207 1215 2336 lasieo,
1238 2207 1309 2314 qui
1329 2206 1472 2316 saporis
1497 2204 1551 2284 est
1568 2205 1760 2285 subamari
1778 2208 1817 2284 δι
1836 2211 2066 2316 pungentis.

698 2435 817 2543 Super
834 2433 976 2542 pedem
1003 2429 1140 2511 craffus
1161 2429 1312 2529 evadit,
1331 2428 1464 2538 estque
1494 2395 1640 2510 cortice
1664 2425 1787 2519 lasteo
1806 2427 1918 2509 fusco
1934 2432 1975 2511 a
2003 2432 2053 2511 in-
2078 2435 2204 2516 ramis·
2224 2438 2288 2518 ci.

642 2571 776 2626 nereo.

697 2767 818 2860 Folia,
848 2793 934 2873 quae
961 2763 1115 2874 petiolis
1146 2763 1329 2845 brevibus
1360 2792 1404 2843 ac
1436 2761 1562 2844 crassis
1587 2765 1629 2844 in
1649 2765 1768 2844 ramis
1787 2767 1827 2845 dc
1852 2764 2014 2848 surculis
2032 2754 2293 2876 proueniunt,¹

642 2877 1006 2985 oblongo-rotunda
1043 2877 1144 2971 sunt,
1175 2877 1224 2957 ad
1256 2877 1450 2986 petiolum
1489 2879 1697 2969 contracta,
1726 2878 1766 2957 ἃ
1803 2873 1969 2958 anteriirs
2002 2879 2044 2956 in
2083 2881 2284 2991 cuspidem

642 2989 856 3096 oblongam
881 2986 1104 3081 definentia,
1134 3005 1364 3076 contextura
1392 3014 1567 3104 quoque
1591 2986 1724 3080 solida,
1765 2987 1898 3083 Iadica,
1941 2989 2067 3084 virore
2103 2993 2145 3071 in
2183 2999 2289 3076 resta

641 3099 750 3180 susco
780 3101 819 3179 δι
841 3099 1002 3193 nitente,
1033 3099 1076 3178 in
1096 3097 1396 3178 adversantibus
1426 3098 1531 3179 claro
1551 3095 1616 3179 seu
1634 3097 1855 3180 albicante..

697 3323 761 3402 Ex
794 3319 911 3414 costa,
941 3349 1029 3428 qua
1060 3321 1102 3399 in
1133 3321 1235 3399 seua
1266 3321 1385 3400 ctiam
1414 3339 1522 3428 parte
1545 3317 1731 3402 nomrih-il
1759 3321 1906 3400 eminet
1933 3347 1978 3400 ac
2010 3323 2181 3411 albicans
2210 3327 2306 3421 en„

596 3504 602 3507 .
638 3435 767 3545 plures
794 3433 961 3513 Neruuli
984 3432 1193 3510 albicantes
1214 3457 1258 3510 ac
1277 3433 1318 3510 in
1344 3427 1494 3511 adversa
1514 3428 1639 3510 soliun
1656 3448 1763 3541 parte
1791 3432 2007 3513 eminentes
2025 3431 2188 3542 obliquo
2207 3463 2280 3515 an·

641 3545 767 3627 nulari
792 3547 831 3623 &
860 3543 945 3621 satis
966 3541 1149 3650 parallelo
1175 3544 1297 3619 trastu
1330 3559 1487 3635 exeunt,
1518 3538 1697 3651 proxime
1727 3538 1775 3620 ad
1798 3570 1882 3623 oras
1917 3563 2178 3641 excurrentes,
2194 3549 2279 3656 qui

641 3660 683 3738 in
712 3660 813 3735 resta
845 3672 951 3762 parte
985 3656 1125 3733 tractus
1158 3652 1215 3731 sui
1247 3652 1402 3761 vestigia
1434 3653 1678 3761 relinquunt,
1709 3652 1879 3763 suntque
1900 3656 2051 3735 venulis
2070 3655 2285 3740 subtilibus

641 3764 878 3859 transvertis,
901 3765 971 3872 qui
989 3763 1134 3847 solium
1164 3763 1345 3857 subeunt,
1376 3764 1567 3845 comitati.

693 3991 821 4072 Floret
839 3986 1074 4095 proveniunt
1088 3987 1129 4064 in
1149 3983 1336 4094 superiori
1356 3984 1599 4065 surculorum
1618 3988 1785 4096 partein
1800 3988 1955 4095 petiolis
1974 3989 2119 4084 lacteis,
2137 4009 2276 4073 rotun·

639 4102 713 4193 dis,
744 4096 927 4177 tenuibus
957 4102 996 4177 se
1015 4097 1209 4204 languidis
1227 4096 1389 4177 floribus
1405 4098 1540 4207 primae
1559 4097 1698 4206 speciei
1716 4100 1880 4205 majores
1895 4099 1937 4176 in
1964 4116 2093 4180 totum
2113 4102 2192 4182 albi
2211 4104 2276 4183 seu

632 4211 809 4302 candidi,
839 4208 1091 4317 constantque
1122 4207 1299 4315 quinque
1331 4206 1435 4288 foliis
1467 4207 1664 4321 oblongis,
1695 4216 1782 4315 quae
1806 4209 1855 4288 ad
1885 4211 2023 4318 pedem
2053 4215 2277 4321 unguiculis

639 4323 777 4402 stridis
792 4347 836 4399 ac
855 4320 903 4398 ad
930 4346 1048 4399 unam
1073 4336 1224 4429 partem
1244 4318 1384 4397 inflexa
1402 4320 1481 4399 oris
1506 4346 1555 4397 ex
1575 4318 1762 4398 inflexura
1780 4322 2036 4402 exterioribus
2056 4325 2187 4434 magis
2208 4353 2274 4406 ro-

638 4434 786 4526 tundis,
817 4432 1103 4509 extenuatisac
1130 4428 1262 4539 crispis
1290 4431 1391 4523 sunt,
1422 4430 1537 4509 acin
1557 4430 1687 4511 medio
1715 4431 1885 4511 craffiola
1903 4433 2097 4541 nullisque
2124 4436 2276 4518 venulis

637 4544 778 4638 striata,
803 4542 969 4650 suntque
989 4542 1172 4621 succindi
1193 4542 1368 4650 quinque
1392 4538 1497 4621 foliis
1518 4540 1793 4622 viridi-dilutis
1814 4544 1854 4622 ἃ
1881 4543 2104 4653 cuspidatis.

693 4766 859 4848 Stunn'na
890 4765 931 4843 in
957 4762 1116 4843 floribus
1143 4764 1318 4871 quinque
1345 4759 1506 4842 interius
1542 4762 1642 4872 pedi·¹
1665 4763 1807 4844 florum
1842 4765 1992 4871 inserta,
2022 4794 2066 4845 ac
2099 4767 2275 4876 apicibus

636 4874 1015 4957 flavo-albicantibus
1035 4875 1189 4966 dotata,
1207 4902 1252 4953 ac
1285 4875 1386 4953 inter
1414 4902 1457 4951 eu
1490 4872 1608 4981 stylus
1638 4875 1923 4956 viridi-dilutus
1953 4878 1994 4955 dc
2024 4877 2193 4959 albicans
2228 4910 2272 4963 ac

637 4988 793 5079 bifidus,
824 5014 867 5064 ae
898 4987 939 5065 in
972 5004 1134 5091 utraque
1160 4982 1315 5094 cuspide
1345 4986 1551 5064 communi
1580 4986 1734 5067 dotatus
1768 4986 1915 5066 nodulo
1945 4984 1968 5066 ὲ
2004 4988 2168 5097 globulo
2199 4992 2274 5072 ob·

635 5096 1003 5206 longo-rotundiolo
1035 5122 1079 5175 ac
1107 5096 1234 5189 viridi,
1265 5096 1335 5203 qui
1364 5094 1513 5176 frustus
1547 5122 1708 5206 germen
1741 5097 1809 5192 est,
1839 5119 2076 5209 erumpens,
2108 5100 2274 5212 suntque

635 5208 746 5291 flores
765 5208 894 5287 odoris
915 5208 1015 5317 grati
1037 5206 1250 5286 sedebilis.

689 5433 854 5514 Fruslus
878 5430 921 5509 in
948 5428 1101 5537 petiolis
1140 5428 1269 5537 plures
1304 5429 1588 5539 congregatim,
1617 5457 1661 5508 ac
1691 5430 1840 5511 bini&
1869 5430 1955 5510 bini
1985 5458 2033 5511 ex
2066 5407 2273 5517 transverso

634 5540 844 5651 prodeunt,
874 5541 1040 5648 suntque
1070 5540 1441 5647 oblongo-rotundi,
1472 5535 1639 5619 exteriirs
1659 5541 1850 5651 cuspidati
1883 5570 1927 5622 ac
1946 5542 2072 5622 versus
2092 5544 2275 5626 inferiora

634 5649 809 5733 maxime
839 5680 932 5731 cum
952 5650 1109 5761 cuspide
1129 5650 1263 5730 inflexi
1292 5650 1445 5731 duobus
1480 5650 1665 5731 lateribus
1702 5654 1893 5746 rotundis,
1924 5681 2011 5761 quae
2030 5676 2144 5735 acuto
2170 5684 2275 5736 mar-

634 5764 725 5872 gine
751 5767 908 5858 codunt,
939 5762 1170 5857 constantes,
1200 5790 1244 5843 ac
1264 5760 1449 5873 superiori
1479 5762 1596 5845 latere
1611 5763 1922 5875 protuberantes,
1952 5764 2120 5878 suntque
2134 5768 2280 5849 cortice
2446 5854 2450 5859 ,

2159 5878 2280 5962 crasso
