6092 6950
1015 851 1985 1011 nannuaurous
2256 849 2325 982 w

784 1148 1425 1272 ar-ALACCA
1544 1137 2226 1269 SCHAMBU.

985 1397 1467 1582 suasura
1578 1374 1998 1508 raneos
2103 1411 2106 1420 ·

1351 1647 1438 1760 Fi
1464 1677 1520 1758 c.
1585 1701 1649 1788 17.

765 1863 933 1950 Chcimbu
951 1863 1038 1948 duae
1063 1834 1222 1976 species,
1252 1896 1331 1950 una
1352 1863 1746 1962 Malacca-Schdmbu,
1776 1866 1894 1947 altera
1912 1803 2228 1950 NatissSchdmm.
2285 1929 2287 1931 -

815 2007 1197 2096 MaliccaSchdmbu
1231 2008 1332 2118 ling.
1373 2009 1505 2088 Brarn.
1533 2003 1706 2112 ejusdem
1735 2004 1907 2086 nominis
1930 2003 1986 2085 est
2013 2006 2128 2088 arbor:
2145 2091 2152 2100 „
2164 2027 2324 2120 procera
2389 1987 2396 2004 ¹

773 2124 892 2203 ramis
915 2122 1039 2202 denfis
1064 2122 1104 2201 ἃ
1124 2121 1255 2231 opacis
1275 2118 1531 2201 transversum
1550 2115 1695 2226 sparsas.
2316 2145 2320 2152 ·

720 2263 846 2344 Radix
858 2259 973 2343 crassa
989 2259 1057 2354 est,
1075 2283 1201 2339 runos
1217 2256 1525 2367 quaquaversum
1543 2252 1780 2349 diffundens,
1794 2252 1939 2334 cortice
1953 2252 2008 2334 est
2027 2254 2234 2354 cinericeo,
2257 2260 2321 2340 in-

666 2388 730 2455 tus
749 2372 852 2467 rufo,
882 2373 993 2483 ligno
1010 2371 1217 2451 albicante.

724 2514 842 2625 Stipes
861 2510 1014 2592 ambitu
1043 2510 1272 2622 amplexum
1303 2511 1419 2591 unius
1453 2503 1604 2587 brachii
1631 2503 1838 2616 paululum
1858 2497 2065 2600 excedens,
2095 2503 2244 2588 cortice
2263 2506 2323 2590 ci-

668 2652 799 2717 nereo,
827 2621 925 2703 rami
944 2623 1098 2702 cinereo
1117 2624 1242 2732 magis
1262 2617 1386 2718 fusco,
1417 2618 1561 2701 surculi
1584 2616 1792 2697 teneriores
1811 2615 1966 2696 virides.

723 2759 844 2850 Folia,
874 2786 962 2865 quae
981 2758 1024 2834 in
1043 2758 1160 2836 ramis
1180 2753 1331 2837 bina&
1357 2752 1452 2839 bina
1471 2784 1515 2837 ac
1536 2758 1672 2838 ordine
1691 2756 1728 2839 se
1748 2775 1889 2838 mutuo
1907 2749 2142 2838 decussantia
2167 2760 2325 2868 petiolis

666 2860 873 2962 uiridibus,
904 2868 1040 2960 curtis,
1070 2868 1213 2964 craffis,
1243 2864 1405 2949 interlita
1437 2870 1563 2979 planis
1598 2869 1663 2949 seu
1696 2867 1774 2948 late
1804 2867 1944 2976 striatis
1967 2868 2217 2976 proveniunt,
2248 2871 2323 2950 ob-

666 2979 985 3092 longo-angusta,
1015 2979 1196 3073 rotunda,
1226 2978 1395 3060 anterius
1426 2981 1639 3091 cuspidata,
1670 2980 1718 3059 ad
1760 2979 1954 3090 petiolum
1984 3006 2143 3088 quoque
2180 2982 2322 3077 strista,

667 3092 915 3202 longitudine
940 3091 1114 3172 maxima
1133 3092 1249 3173 unius
1269 3089 1485 3202 spithamae,
1515 3092 1724 3172 latitudine
1742 3092 1912 3172 duorum
1933 3091 2102 3171 triumve
2114 3093 2322 3200 pollicum,

667 3230 755 3314 qua
772 3199 905 3284 miniis
931 3201 1050 3312 longa
1071 3201 1253 3297 evadunt,
1283 3205 1431 3284 caeteris
1450 3204 1601 3298 latiora,
1632 3203 1800 3312 suntque
1819 3220 1972 3283 textura
1990 3202 2162 3282 craffiola
2190 3208 2231 3284 bc
2260 3206 2322 3285 so·
2407 3224 2411 3233 ’

666 3315 747 3396 lida
764 3343 809 3395 ac
832 3311 960 3408 densa,
991 3313 1192 3425 superficie
1215 3313 1362 3424 glabra,
1392 3318 1518 3394 virore
1546 3315 1587 3394 in
1621 3315 1722 3394 reela
1742 3314 1852 3393 valde
1877 3310 1987 3392 fusco
2017 3315 2058 3391 δε
2084 3314 2248 3408 nitente,
2280 3316 2323 3412 in

565 3477 567 3482 ·
665 3426 818 3509 adversa
845 3428 970 3507 virore
1000 3427 1219 3520 communi,
1250 3425 1393 3535 saporis
1423 3423 1694 3533 adstringentis
1718 3454 1762 3504 ac
1783 3420 1966 3503 nonnihil
1985 3419 2159 3503 subacidi
2178 3423 2243 3505 seu
2261 3429 2323 3506 vi·-

665 3539 748 3619 nosr
771 3539 918 3618 diutius
950 3536 1157 3628 masticata,
1188 3536 1318 3614 odoris
1342 3537 1504 3630 nullius,
1535 3532 1628 3615 ciun
1663 3534 1941 3629 emarcescunt,
1974 3534 2063 3615 sunt
2082 3534 2325 3621 flavescentia

664 3678 708 3731 ac
728 3676 876 3730 Cl'OCCR.

721 3786 786 3864 Ex
804 3783 908 3864 costa
921 3763 1068 3896 media,
1099 3810 1186 3893 quae
1205 3785 1248 3864 in
1266 3784 1572 3867 adversasolum
1583 3786 1744 3880 eminet,
1775 3786 1905 3868 Nerui
1929 3784 2088 3869 subtiles
2122 3790 2161 3870 δε
2183 3818 2322 3901 parum

664 3898 707 3977 in
730 3895 881 3975 adversa
917 3894 1149 3989 eminentes,
1192 3900 1292 3977 retu
1324 3899 1489 4007 obliquo
1528 3924 1571 3976 ac
1610 3896 1733 3978 ferme
1768 3899 1949 4005 parallelo
1980 3898 2100 3980 dustu
2131 3904 2322 3985 anteriora

665 4008 792 4088 versus
811 4024 970 4100 exeunt,
1000 4032 1045 4084 ac
1076 4007 1215 4115 aequali
1234 4008 1438 4090 intervallo
1468 4006 1491 4087 a
1516 4010 1692 4117 margine
1719 4009 1853 4088 reflexi
1874 4008 1914 4089 in
1937 4009 2165 4090 seinvicem
2184 4040 2319 4093 arcua-

664 4119 739 4203 tim
758 4120 965 4200 incurrunt
986 4116 1093 4197 velut
1110 4118 1329 4201 limbulum
1347 4121 1396 4201 ad
1421 4122 1642 4228 marginem
1665 4120 1942 4227 relinquentes,
1972 4118 2139 4229 suntque
2159 4124 2200 4203 in
2221 4129 2321 4205 reela

629 4231 632 4234 ’
664 4249 781 4340 parte„
789 4229 975 4310 tractibus
996 4228 1072 4307 suis
1092 4230 1294 4341 conspicui
1311 4260 1355 4312 ac
1372 4231 1526 4313 venulis
1546 4231 1770 4323 minutulis,
1802 4228 2023 4325 subtilibus
2056 4234 2156 4314 intra
2174 4234 2318 4319 solium
2369 4252 2373 4261 '

664 4342 885 4422 meantibus
902 4342 1096 4422 comitati.

719 4486 846 4568 Floras
875 4483 916 4562 in
941 4482 1098 4593 petiolis
1130 4481 1196 4562 seu
1226 4484 1389 4565 surculis
1410 4482 1600 4566 viridibus
1632 4482 1866 4595 spithamam
1896 4485 1985 4595 plus
2011 4487 2143 4565 minus
2171 4484 2315 4597 longis,

664 4596 734 4707 qui
764 4597 876 4706 supra
894 4620 943 4673 ex
963 4594 1115 4704 origine
1130 4593 1322 4677 ¹soliorum
1341 4597 1522 4675 oriuntur
1541 4596 1671 4707 plures
1696 4597 1980 4707 congregatim,
2007 4616 2102 4692 tres,
2131 4616 2316 4705 quatuor,

694 4709 886 4817 uinqueve
904 4708 1031 4817 parvis
1065 4732 1110 4787 ac
1140 4705 1479 4819 semidigitalibus,
1510 4708 1703 4803 rotundis,
1733 4708 1914 4788 craffiolis
1939 4708 1984 4787 ·&
2009 4708 2213 4803 viridibus,
2243 4738 2315 4818 pe-

662 4734 843 4901 iunculis
876 4817 1126 4927 proveniunt,
1156 4816 1371 4900 constantes
1401 4838 1570 4927 quatuor
1587 4819 1693 4901 foliis
1712 4846 1761 4899 ex
1791 4819 1905 4900 viridi
1935 4820 2207 4913 albicantibus,
2238 4819 2324 4899 ob-.

662 4929 1001 5038 longo-rotundis,
1031 4924 1193 5009 interibs
1230 4927 1457 5024 cochleatis,
1487 4932 1624 5039 rigidis
1644 4930 1666 5011 a
1687 4931 1725 5010 se
1752 4950 1893 5011 mutuo
1918 4929 2118 5011 latiuscule
2138 4929 2324 5013 distanti-⁴

662 5040 751 5133 bus,
781 5068 869 5145 quae
905 5035 1072 5118 exterius
1095 5040 1220 5149 magis
1246 5042 1385 5121 viridia
1412 5042 1515 5136 sunt,
1546 5045 1586 5123 δι
1617 5042 1658 5122 in
1689 5044 1765 5123 oris
1796 5043 2057 5151 superioribus
2080 5039 2242 5124 interiits
2274 5046 2314 5125 ὅσ

661 5146 831 5229 exterius
859 5151 985 5259 magis
1018 5150 1205 5247 albicant,
1235 5154 1275 5232 bc
1308 5153 1459 5234 venulis
1492 5154 1742 5235 annularibus
1771 5154 1898 5235 versus
1932 5154 2125 5267 oppositas
2156 5180 2242 5237 oras
2273 5156 2315 5237 in

661 5262 829 5370 longum
857 5261 986 5340 striata
1018 5257 1120 5355 sunt,
1152 5262 1318 5371 suntque
1348 5264 1396 5343 ad
1426 5266 1660 5373 unguiculos
1690 5264 1879 5351 foliorum
1905 5266 2031 5349 ornati
2057 5264 2174 5346 denso
2199 5268 2315 5376 peni-

660 5374 754 5456 cillo
789 5371 1072 5467 consertorum,
1107 5368 1458 5483 longiusculoium,
1489 5377 1750 5457 candidorum
1780 5376 2124 5487 [luminumque
2161 5404 2212 5457 ex
2248 5404 2320 5457 ora

660 5484 844 5591 quadrata
852 5482 999 5565 orificii
1018 5484 1139 5563 medii
1168 5484 1472 5566 cancellisormis
1492 5487 1561 5567 lati
1592 5491 1631 5569 bc
1657 5490 1740 5567 cavi
1753 5489 1796 5569 se
1815 5488 2008 5583 exserunt,
2038 5490 2078 5569 bc
2104 5488 2146 5568 in
2172 5488 2316 5567 vertice

542 5650 545 5652 Α
659 5595 836 5703 apicibus
857 5593 920 5674 seu
941 5594 1096 5674 nodulis
1122 5622 1171 5674 ex
1200 5595 1384 5677 albicanti
1416 5597 1708 5681 flavescentibus
1740 5600 1869 5681 dotata
1898 5600 2002 5694 sunt,
2031 5602 2071 5680 bc
2102 5598 2143 5681 in
2183 5598 2315 5681 medio

660 5705 835 5814 penicilli
854 5706 1063 5787 staminum
1082 5704 1180 5814 stylo
1199 5706 1392 5791 albicante
1412 5707 1599 5805 crafliolo,
1630 5694 1797 5795 surresio
1817 5714 1856 5795 δι
1872 5710 1914 5795 in
1934 5711 2086 5825 apicem
2105 5704 2316 5808 desinente,

657 5841 745 5928 quae
764 5842 812 5897 ex
830 5816 963 5898 medio
982 5814 1120 5899 orificii
1137 5816 1201 5901 seu
1221 5817 1604 5939 umbiliciexsurgit.
1741 5820 1744 5825 ’

1384 5968 1476 6059 aa
2200 5974 2318 6088 σῶμ
