6092 6950
735 824 837 894 τοο
1099 795 1868 940 1ΗΟΙὶὙῐΙΘ

736 1003 878 1092 coloris
898 1003 1164 1102 viridi-diluti,
1185 1027 1345 1092 maturae
1364 1025 1496 1092 autem
1523 1008 1666 1096 coloris
1692 1005 1791 1091 fusci
1810 1006 1876 1091 seu
1892 1005 2010 1120 nigri,
2039 1007 2149 1094 intus
2173 1007 2388 1110 officulun.

737 1121 954 1203 rotundum
973 1122 1229 1202 continentes.

794 1341 903 1470 Tota
919 1343 1034 1424 arbor
1050 1343 1104 1424 est
1122 1339 1250 1430 odoris
1269 1343 1432 1426 acuti&
1457 1339 1661 1428 hortenfis.

799 1566 925 1646 Semel
944 1565 986 1646 in
1015 1591 1118 1646 anno
1136 1563 1211 1648 fert
1229 1567 1356 1652 Flores
1369 1568 1408 1650 δι
1423 1571 1602 1652 Fruiius·

799 1786 929 1869 Oleum
947 1814 996 1874 ex
1016 1787 1210 1868 radicibus
1230 1817 1300 1900 per
1319 1788 1611 1870 distillationem
1635 1789 1853 1870 extrastum
1872 1801 1989 1868 tenue
2007 1788 2062 1868 est
2088 1789 2129 1870 be
2148 1788 2298 1872 clarum
2316 1816 2389 1887 eo-

745 1897 838 1978 loris
858 1898 1085 1978 aureo-flavi
1104 1901 1144 1980 δι
1170 1900 1379 1994 rutilantis,
1409 1900 1538 1981 odoris
1566 1903 1692 2010 vegeti
1720 1901 1760 1980 ἃ
1790 1899 1971 2008 pergrati,
2001 1897 2141 2010 saporis
2161 1899 2390 1986 subactis&

746 2007 952 2106 subamari,
981 2011 1023 2090 in
1044 2008 1263 2092 distillando
1281 2039 1376 2093 cum
1395 2039 1494 2122 aqua
1512 2010 1627 2092 simul
1656 2010 1825 2092 ascendit
1842 2010 1956 2119 eique
1975 2008 2136 2092 innatat.
2231 2065 2237 2070 -

1235 2235 1236 2242 '
1296 2237 1338 2314 V
1357 2237 1387 2317 I
1407 2236 1444 2315 R
1473 2235 1510 2314 E
1539 2238 1568 2316 S
1622 2235 1661 2315 E
1688 2236 1728 2346 J
1755 2231 1798 2314 U
1819 2235 1860 2313 S.

750 2364 950 2532 Totius
961 2369 1105 2479 plantae
1122 2368 1243 2450 virtus
1270 2369 1427 2449 inservit
1445 2397 1516 2478 pro
1535 2371 1673 2479 capitis
1693 2368 1889 2479 totiusque
1919 2370 2090 2480 corporis
2121 2369 2336 2465 doloribus,
2366 2373 2395 2454 fi

743 2569 748 2580 ,
868 2507 966 2559 cum
985 2482 1069 2588 ejus
1086 2481 1244 2561 decoiio
1264 2498 1383 2589 caput
1401 2483 1441 2560 bu
1467 2507 1609 2592 corpus
1629 2479 1822 2574 abluatur,
1852 2498 1968 2590 atque
1987 2480 2125 2559 eodem
2143 2481 2264 2561 modo
2284 2483 2396 2562 servit

749 2617 824 2702 pro
840 2589 1042 2671 doloribus
1072 2589 1297 2685 arthriticis,
1328 2592 1462 2672 succus
1491 2618 1541 2672 ex
1565 2591 1706 2701 plantae
1736 2592 1894 2672 decoiio
1922 2594 2115 2671 extrarius
2148 2594 2189 2671 be
2220 2590 2398 2674 saccharo

751 2700 937 2782 conditus
970 2699 1121 2811 optimi
1154 2703 1196 2782 in
1229 2702 1523 2782 medicamentis
1559 2702 1789 2812 usurpatur,·
1806 2729 1894 2810 quae
1912 2731 1984 2812 pro
2002 2701 2204 2782 affectione
2222 2703 2326 2783 mala
2348 2733 2399 2785 ex

753 2811 874 2892 caufis
904 2811 1055 2922 frigidis
1084 2813 1222 2893 oborta
1249 2813 1403 2892 dantur.
1462 2813 1588 2894 Radix
1602 2815 1770 2894 contrita
1792 2817 1832 2893 be
1851 2831 1965 2922 epota
1983 2839 2078 2892 cum
2097 2839 2196 2921 aqua
2214 2813 2398 2897 lienteriae

751 2925 976 3017 commoda,
1006 2951 1100 3002 cum
1120 2925 1208 3002 salsa
1240 2927 1279 3003 δε
1310 2924 1459 3003 marina
1489 2928 1600 3004 costa
1632 2925 1734 3004 sedat
1762 2923 1913 3003 dolores
1940 2924 2117 3031 podagrae
2136 2927 2238 3032 parti
2255 2925 2400 3006 affecta

752 3033 956 3224 ppplipiata.
982 3073 984 3080 ·
1017 3037 1158 3228 Cortlp}
1170 3037 1361 3224 contrfitpts
1381 3037 1420 3115 δι
1436 3036 1615 3228 tpipptup
1629 3063 1724 3223 pum
1735 3034 1853 3114 melle
1870 3034 2109 3222 etiamegaleits
2118 3035 2166 3112 ad
2182 3035 2401 3226 lientefgiam

815 3170 835 3221 e
892 3171 955 3222 am
1378 3206 1387 3226 .
1793 3162 1912 3222 entns
1967 3171 1988 3221 e
2027 3171 2071 3222 or
2129 3173 2155 3222 u
2379 3196 2399 3214 -

756 3164 1265 3364 liusnobortiscintiiigaiitaiai
1282 3173 1436 3337 siliunt
1454 3177 1502 3335 iri
1516 3172 1794 3336 duecoiiiirriitii
1831 3255 1878 3333 in
1897 3171 2004 3334 seire
2019 3166 2402 3365 frigiiiaepriiiicuiirir

754 3364 810 3444 est
828 3366 1035 3447 decoctum
1054 3368 1102 3448 ex
1122 3369 1233 3452 Foliis
1259 3395 1351 3447 eum
1371 3369 1503 3477 pipere
1536 3367 1629 3448 trito
1661 3370 1701 3446 ἃ
1732 3365 1941 3458 ebibitum,
1970 3364 2031 3443 vel
2061 3365 2089 3442 fi
2119 3395 2213 3446 cum
2243 3367 2402 3453 decutio

754 3478 941 3565 Foliorum
970 3478 1067 3560 lotio
1096 3480 1328 3560 instituatur.
1389 3480 1539 3559 Oleum
1573 3507 1623 3559 ex
1651 3478 1800 3572 Radice,
1831 3478 1896 3557 seu
1928 3477 2059 3585 potius
2094 3477 2167 3583 ejus
2201 3481 2405 3568 Corticibus

757 3590 975 3671 extractum
993 3591 1146 3700 prodest
1165 3593 1282 3671 etiam
1303 3620 1373 3699 pro
1384 3590 1492 3669 febre
1512 3590 1666 3700 frigida,
1696 3593 1756 3668 uti
1770 3592 1810 3670 be
1829 3585 2029 3668 doloribus
2048 3590 2192 3667 ventris
2217 3590 2404 3702 flatusque

650 3699 651 3703 ‘
763 3698 922 3785 discutit
935 3705 1102 3786 undum
1121 3703 1161 3783 in
1181 3701 1357 3815 partibus
1377 3699 1537 3781 affediin

1348 3912 1350 3919 ¹
1435 3922 1603 4004 FIG.
1665 3948 1732 4030 53.

804 4062 897 4127 Arbor
911 4060 1096 4129 Malabnrira
1119 4062 1269 4150 inuisere,
1281 4060 1358 4145 flore
1371 4076 1478 4146 paruo,
1500 4082 1564 4122 um·
1600 4061 1776 4136 continens,
1790 4056 1932 4122 obstaret.
1976 4054 2005 4118 si
2020 4055 2090 4140 quis
2105 4055 2225 4119 interim
2241 4058 2406 4125 adSorbuni

758 4148 870 4225 heliato,
906 4150 996 4223 odoro,
1029 4170 1094 4213 non
1123 4146 1315 4215 incommode
1343 4148 1442 4212 vocari
1472 4143 1566 4229 posset
1591 4143 1751 4232 sylvestrem
1770 4146 1878 4206 referre
1893 4143 1990 4217 malit,
2013 4163 2076 4204 non
2090 4140 2307 4211 multumeum
2326 4168 2408 4232 quo·

763 4226 834 4297 ineo
860 4233 974 4297 'udicio
999 4234 1065 4297 haec
1082 4234 1179 4297 arbor.
1224 4233 1273 4297 Aa
1289 4234 1421 4297 sambuci
1437 4232 1565 4314 speciem
1600 4252 1660 4317 qne
1675 4228 1692 4293 i
1706 4250 1777 4293 vero
1789 4230 1997 4293 aberraturum
2013 4226 2203 4293 crediderim.

763 4339 829 4389 non
843 4256 1007 4384 riifficulter
1018 4316 1193 4397 retulissem,
1209 4321 1240 4381 ni
1263 4318 1392 4395 studius,
1408 4316 1567 4381 officulurn

916 4674 1129 4770 Incompcrta.
