6092 6950
1006 753 1963 888 uacasaurous

648 1221 654 1234 p
855 1047 910 1164 o
1137 1045 1191 1164 o
1414 979 1601 1165 N*
1720 1051 1841 1167 N.
2011 1013 2087 1170 A.

652 1274 663 1389 f
927 1241 1372 1352 cassan
1486 1246 2042 1356 FISTULA.

1324 1537 1493 1616 FIG.
1557 1557 1640 1620 22.'

772 1646 896 1772 Onna,
927 1677 1063 1788 lingua
1090 1681 1328 1759 Bramanum
1357 1680 1450 1784 Bajo
1478 1679 1532 1757 est
1557 1661 1669 1758 arb'or
1687 1707 1857 1788 procera,
1889 1678 2005 1759 unius
2030 1677 2203 1759 hominis
2243 1681 2302 1760 al-

656 1688 766 1932 C
787 1790 971 1883 titudine,
1001 1793 1117 1871 ramis
1147 1790 1270 1868 densrs
1300 1788 1498 1897 &opacis
1528 1788 1604 1868 latia
1634 1791 1779 1899 sparfis.

704 2012 831 2094 Radix
848 2013 994 2093 cortice
1018 2012 1129 2094 fusco
1155 2039 1283 2093 ramos
1302 2011 1527 2092 transversos
1547 2013 1739 2122 spargens.

706 2234 856 2317 Caudex
881 2236 1034 2315 ambitu
1056 2236 1283 2346 amplexum
1307 2235 1424 2314 unius
1453 2229 1628 2314 hominis
1657 2235 1860 2330 excedens,
1891 2238 2034 2314 cortice
2059 2237 2225 2330 cinereo,
2256 2255 2302 2316 ut

649 2346 852 2427 &surculi
873 2347 1108 2456 vetustiores,
1138 2347 1295 2441 novelli,
1326 2345 1493 2442 virides,
1524 2366 1657 2427 cortex
1673 2346 1906 2455 adstringens
1924 2349 1962 2425 δι
1983 2347 2220 2426 subamarus

701 2570 808 2651 Folia
826 2569 868 2648 in
895 2568 1057 2652 surculis
1072 2571 1225 2661 teneris,
1242 2568 1444 2662 viridibus,
1457 2569 1616 2678 ‘petiolis
1637 2568 1832 2661 brevibus,
1851 2567 2041 2659 rotundis,
2068 2567 2190 2647 ferme
2207 2570 2300 2650 bina

644 2681 685 2759 δε
704 2678 797 2760 bina
813 2707 907 2758 cum
941 2708 1021 2760 uno
1047 2682 1088 2758 in
1115 2681 1256 2759 vertice
1284 2682 1531 2790 proveniunt,
1562 2681 1728 2788 suntque
1757 2679 1927 2786 oblonga
1945 2678 1992 2757 ad
2011 2680 2203 2786 petiolum
2223 2681 2299 2758 lata

646 2791 848 2883 curvitate,
878 2791 969 2872 inde
1015 2788 1181 2870 anteriirs
1223 2790 1271 2870 ad
1306 2791 1506 2900 cuspidem
1550 2791 1690 2884 strista,
1721 2790 1909 2868 mediocri
1936 2789 2110 2884 crassitie,
2144 2789 2297 2884 mollia,

643 2899 771 2996 densa,
802 2901 1001 3012 superficie
1016 2901 1131 2995 lenia,
1160 2899 1294 3010 glabra
1320 2903 1361 2981 δι
1388 2901 1517 3010 plana.

698 3125 765 3202 Ex
785 3124 889 3234 Costa
912 3124 1054 3217 media,
1085 3152 1172 3233 quae
1186 3126 1228 3204 in
1247 3124 1400 3204 adversa
1425 3143 1532 3235 parte
1547 3129 1694 3205 eminet
1710 3123 1877 3204 nervulis
1896 3122 2164 3216 subtiliffimis,
2195 3124 2301 3205 inter

643 3261 743 3342 quos
760 3235 992 3315 venularum
1020 3253 1227 3316 contextus
1254 3236 1565 3317 cancelliformes
1585 3235 1835 3316 minutissimi
1856 3236 2131 3326 intercurrunt,
2152 3234 2293 3328 striata,

640 3345 776 3537 giptig
795 3346 981 3427 viridis&
996 3347 1157 3428 nitentis
1172 3348 1214 3426 in
1229 3349 1343 3440 resta,
1363 3349 1406 3426 in
1424 3349 1576 3428 adversa
1595 3347 1765 3428 clarioris
1782 3348 1821 3424 δι
1834 3345 1951 3436 surdi,
1970 3345 2099 3452 sapore
2113 3342 2294 3423 subdulci

722 3484 748 3533 u
777 3484 919 3537 amaro.

696 3678 825 3761 Flores
851 3677 893 3758 in
913 3676 1074 3757 surculis
1099 3677 1301 3772 viridibus,
1333 3680 1525 3773 rotundis,
1545 3680 1639 3759 duas
1667 3674 1875 3788 spithamas
1906 3676 2049 3785 longis,
2082 3679 2151 3786 qui
2180 3677 2293 3787 supra

640 3815 689 3869 ex
706 3790 856 3898 origine
873 3788 1119 3867 surculorum
1134 3786 1388 3869 foliaceorum
1406 3809 1633 3899 erumpunt,
1643 3790 1877 3898 proveniunt
1891 3788 2045 3897 petiolis
2061 3788 2290 3897 longiuscu-

640 3899 704 3992 lis,
736 3900 1022 3991 triuncialibuS,
1068 3899 1267 3993 tenuibus,
1303 3902 1495 3993 rotundis,
1527 3901 1714 3981 viridibus
1748 3897 1843 3978 hinc
1885 3898 1975 3977 inde
2004 3901 2288 4009 appendentem

640 4011 729 4091 sunt
757 4031 889 4089 autem
915 4010 1029 4097 flores
1049 4010 1136 4090 flavi
1155 4013 1331 4119 quinque
1356 4011 1545 4092 foliorum
1573 4008 2028 4119 oblongo-rotsindorum
2047 4010 2086 4087 ἃ
2106 4009 2290 4089 nonnihil

641 4121 910 4229 crispatorum,
937 4142 1029 4230 ‘quae
1042 4119 1202 4200 inseribs
1218 4123 1386 4229 angustis
1402 4123 1627 4230 unguiculis
1644 4122 1746 4215 sunt,
1763 4148 1806 4201 ac
1827 4147 1876 4198 ex
1891 4144 1987 4197 vena
2014 4120 2141 4198 media
2154 4118 2290 4199 latiore

638 4231 745 4309 venis
768 4232 942 4340 obliquis
973 4232 1062 4311 sunt
1080 4233 1219 4325 striata,
1251 4234 1322 4311 tria
1340 4234 1388 4313 ad
1410 4261 1529 4312 unam
1555 4250 1705 4343 partem
1733 4230 1822 4309 sunt
1840 4231 2005 4321 minora,
2035 4258 2122 4337 quae
2141 4256 2189 4309 ex
2218 4233 2289 4310 ad-

591 4441 595 4446 *
635 4340 754 4435 verso,
785 4342 902 4453 paulo
921 4345 1080 4449 majora.

692 4565 862 4647 Stamina
877 4566 918 4644 in
944 4565 1075 4645 medio
1097 4567 1247 4660 decem,
1270 4568 1342 4647 tria
1359 4568 1508 4672 majora
1533 4564 1641 4655 flava,
1662 4564 1860 4643 incurvata
1886 4563 2037 4657 delata,
2058 4591 2152 4642 cum
2166 4592 2284 4671 gran-

634 4674 749 4755 dibus
782 4675 957 4785 apicibus
992 4674 1055 4753 seu
1081 4676 1242 4785 lingulis
1272 4676 1529 4768 slavo-fuscis,
1560 4674 1700 4754 inflexa
1732 4675 1858 4753 ve'rsus
1892 4674 1964 4751 tria
1993 4672 2089 4753 folia
2116 4677 2281 4768 minora,

633 4784 780 4893 septem
815 4787 967 4866 minora
999 4787 1094 4865 flava
1118 4815 1212 4866 cum
1240 4787 1450 4897 grandibus
1490 4785 1666 4895 apicibus
1695 4785 1758 4864 seu
1792 4782 2015 4864 semibifidis
2046 4783 2284 4865 flavo-fuscis

632 4894 779 5005 linguis
798 4896 924 4976 versus
937 4900 1016 4977 duo
1030 4897 1125 4975 folia
1141 4901 1289 5007 majora
1307 4899 1476 4990 inflexa;
1507 4926 1556 4975 ex
1577 4895 1707 4976 medio
1735 4896 1904 5005 longum
1919 4894 2147 5004 siliquarum
2162 4896 2283 4975 viride

631 5033 791 5113 germen
814 5008 958 5114 prodit,
985 5034 1119 5087 verum
1146 5037 1226 5088 non
1252 5039 1301 5088 ex
1326 5008 1512 5091 omnibus
1542 5006 1718 5087 floribus.
1851 5010 1853 5017 ⁴

688 5228 805 5335 Calyx
823 5228 999 5335 quinque
1023 5229 1378 5310 viridi-dilutorum
1397 5229 1687 5339 cuspidatorum
1715 5227 1916 5355 foliorum.
2041 5304 2044 5311 .

686 5449 847 5559 Siliquae,
874 5478 961 5558 quae
988 5449 1149 5532 floribus
1175 5452 1346 5532 deciduis
1366 5450 1591 5545 succedunt,
1618 5450 1707 5530 sunt
1731 5449 1924 5560 oblongae,
1954 5448 2143 5542 rotundae,
2170 5454 2279 5530 rectae

629 5554 764 5639 fistulae
792 5560 856 5638 seu
878 5561 1010 5640 cannae
1035 5563 1159 5656 doae,
1191 5563 1324 5643 Caffiae
1352 5563 1501 5657 fistulae,
1532 5564 1625 5643 duas
1651 5560 1859 5671 spithamas
1880 5561 2105 5671 &amplius
2134 5559 2275 5667 longae,

629 5670 774 5747 cortice
798 5673 978 5752 exteriori
1005 5674 1132 5769 viridi,
1163 5674 1337 5754 interiori
1363 5675 1569 5769 albicante,
1600 5678 1640 5755 dc
1659 5672 1823 5783 lignoso‚
1850 5674 1913 5751 seu
1930 5672 2060 5783 potius
2080 5670 2273 5779 cartilagi-

628 5778 737 5875 noso,
767 5781 865 5864 duro
884 5782 1114 5882 constantes,
1144 5788 1307 5871 interius
1333 5784 1518 5869 distinoae
1537 5788 1578 5869 in
1605 5786 1671 5875 sua
1698 5784 1960 5869 loculamenta
1987 5782 2273 5975 perlorbicglos

1968 5911 2063 5975 cartr
2080 5920 2194 6003 agino
2211 5920 2271 5988 os,

1705 6124 1711 6160 l
