6092 6950
767 869 840 1002 ,a
1215 819 1998 964 rioribus·

762 1081 1023 1192 longioribus,
1051 1077 1408 1190 sesquiuncialibus,
1439 1079 1588 1192 rigidis,
1616 1078 1806 1163 viridibus
1838 1081 1880 1162 dt
1913 1079 2055 1178 craflis,
2084 1080 2250 1194 suntque
2281 1081 2411 1170 forma

760 1196 940 1304 oblongi,
970 1194 1018 1273 ad
1037 1192 1454 1304 petiolumcraffiores,
1483 1193 1527 1274 in
1546 1192 1770 1274 summitate
1799 1189 2019 1288 sbistiores,
2047 1191 2213 1275 exterius
2241 1177 2414 1281 distincti

761 1307 944 1388 cancellis
965 1303 1298 1399 extuberantibus,
1326 1303 1507 1399 oculatis,
1530 1303 1658 1386 versus
1683 1303 1948 1390 summitatem
1974 1305 2210 1404 minoribus,
2239 1336 2289 1389 ex
2307 1337 2410 1421 quo·

762 1447 853 1499 rum
872 1419 996 1498 oculis
1023 1443 1207 1526 gemma,
1235 1444 1323 1524 quae
1354 1415 1397 1495 in
1428 1416 1562 1498 medio
1591 1414 1753 1497 oculatae
1779 1415 1885 1511 sunt,
1912 1414 2083 1498 emicant
2101 1445 2145 1499 ac
2164 1420 2413 1519 extuberent,

761 1531 929 1640 suntque
960 1528 1089 1608 colore
1116 1529 1292 1638 primurn
1322 1527 1451 1622 viridi,
1481 1528 1523 1609 in
1556 1529 1725 1638 gemmis
1754 1527 1918 1610 oculatis
1955 1526 2162 1624 albicmte,
2192 1531 2283 1612 dein
2316 1561 2413 1614 cum

762 1642 920 1735 maturi,
951 1667 1109 1750 quoque
1129 1638 1354 1735 albicantes,
1384 1641 1492 1720 intus
1512 1667 1626 1721 carne
1643 1637 1849 1736 albicante,
1879 1639 1997 1720 odore
2030 1667 2125 1720 cum
2158 1644 2304 1725 maturi
2321 1642 2414 1728 sunt

761 1771 861 1834 tetro
880 1754 920 1834 bc
935 1751 1138 1846 stercoreo,
1168 1751 1300 1860 sapore
1317 1777 1464 1845 amaro,
1492 1751 1606 1832 flores
1633 1748 1704 1861 qui
1723 1749 1836 1862 supra
1860 1750 1905 1830 in
1927 1747 2033 1831 hisce
2048 1749 2242 1834 fructibus
2267 1754 2429 1866 prove÷¹

761 1865 892 1958 niunt,
922 1891 1016 1944 cum
1044 1862 1112 1944 suo
1142 1861 1239 1972 pede
1263 1863 1432 1972 gemmis
1461 1863 1550 1972 ipfis
1576 1862 1756 1958 infident,
1786 1890 1831 1944 ac
1869 1889 1918 1942 ex
1942 1861 2076 1956 oculo,
2104 1864 2243 1972 quiin
2277 1865 2414 1947 medio

760 2002 1009 2085 gemmarum
1046 1974 1114 2068 est,
1144 1973 1289 2082 stylum
1323 1974 1436 2053 suum
1469 1974 1682 2083 accipiunt,
1713 1972 1881 2085 suntque
1912 1971 2024 2055 flores
2056 1973 2206 2084 semper
2234 1975 2411 2059 maxime

758 2087 960 2196 conspicui
979 2086 1110 2195 plures
1129 2081 1231 2163 arcte
1249 2084 1297 2164 ad
1316 2085 1354 2166 se
1378 2086 1551 2168 invicem
1576 2085 1619 2166 in
1636 2085 1859 2170 summitate
1884 2083 2035 2179 fructus
2063 2087 2208 2168 caeteris
2227 2113 2277 2168 ex
2294 2112 2409 2200 gem·

759 2200 836 2282 mis
856 2196 1103 2279 inferioribus
1124 2195 1314 2278 deciduis.

815 2422 972 2514 Semina,
1003 2447 1089 2529 quae
1119 2420 1160 2500 in
1193 2415 1386 2502 fructibus
1421 2418 1550 2500 forma
1567 2417 1739 2529 oblonga
1764 2421 1805 2500 bc
1837 2419 1964 2529 plana,
1993 2418 2203 2528 jacentque
2233 2419 2410 2504 ordinate

758 2534 918 2644 propius
939 2531 986 2610 ad
1006 2533 1192 2612 cortlcem
1211 2559 1304 2612 curn
1322 2531 1389 2612 sua
1407 2529 1656 2640 longitudine
1673 2531 1721 2609 ad
1745 2557 1935 2642 gemmas,
1964 2557 2014 2610 ex
2032 2557 2113 2640 quo
2132 2531 2243 2613 flores
2273 2559 2409 2614 erum·

758 2663 860 2755 punt
879 2647 1016 2737 erecta,
1045 2671 1089 2722 ac
1108 2671 1221 2725 carne
1249 2641 1478 2725 intermedia
1496 2639 1519 2724 ὲ
1537 2641 1577 2723 se
1601 2659 1743 2724 mutuo
1758 2641 1941 2753 sejunsta,
1954 2641 2129 2757 suntque
2147 2642 2292 2740 colore,
2312 2669 2410 2726 cum

758 2755 855 2837 ficca
873 2755 978 2850 sunt,
1006 2756 1234 2872 nigricante.
2413 2800 2417 2808 .

769 3010 771 3018 ¹
812 2977 881 3061 Bis
906 2979 949 3061 in
969 3005 1073 3059 anno
1091 2976 1168 3059 fert
1187 2959 1328 3062 flores,

1292 3134 1567 3284 ernas
1631 3201 1869 3314 nJus

828 3341 943 3424 Uccus
961 3367 1011 3422 ex
1038 3372 1082 3423 ea
1098 3340 1246 3450 integra
1263 3339 1455 3452 expressus
1485 3363 1642 3423 aecum
1660 3338 1750 3419 oleo
1774 3366 1823 3420 ex
1842 3337 1947 3418 soliis
1964 3333 2030 3417 fici
2063 3335 2207 3416 inferni
2225 3335 2408 3426 decoetus

860 3454 958 3564 parti
978 3451 1121 3534 affeuae
1150 3449 1319 3565 podagri
1338 3451 1539 3545 convenit,
1569 3449 1713 3531 sucum
1731 3476 1778 3531 eo
1797 3466 2059 3561 perungatur,
2089 3448 2136 3530 ad
2156 3449 2265 3563 quod
2288 3453 2427 3547 etiam-

752 3563 869 3646 servit
887 3568 1087 3677 perunctio
1106 3564 1244 3647 radicis
1263 3564 1438 3647 contritae
1458 3566 1499 3645 bc
1513 3563 1648 3644 mixtae
1666 3588 1764 3643 cum
1788 3588 1903 3673 aqua.
1982 3620 1991 3629 -

1435 3759 1474 3841 F
1501 3712 1604 3839 lG.
1667 3782 1734 3865 52.

798 3892 992 3961 Desctibitur
1004 3897 1071 3960 baec
1081 3898 1170 3962 arbor
1183 3898 1310 3961 nomine
1320 3895 1393 3961 Geni
1404 3916 1472 3971 aa,
1484 3890 1563 3958 Me·
1601 3892 1638 3959 ad
1661 3891 1859 3977 dysenteriae,
1892 3890 2061 3971 choleram,
2090 3890 2121 3957 dt
2155 3890 2287 3977 pectoris
2311 3894 2409 3963 vitiat

756 3986 860 4049 eandm
873 3980 1124 4083 Juvenensnaem,d
1145 3984 1246 4047 Bentio
1270 3980 1348 4047 Hist.
1408 3978 1515 4045 atuml.
1531 3979 1562 4043 ἃ
1600 3977 1674 4045 solia
1687 3997 1812 4061 quoque
1832 3978 1977 4043 fitcotica
1990 3976 2061 4058 else,
2076 3978 2107 4043 δι
2121 3978 2156 4043 in
2169 3978 2360 4060 vulneribus,
2374 3986 2407 4050 te

755 4068 845 4133 Med.
864 4072 916 4135 nb.
936 4090 985 4132 vr.
1002 4090 1067 4153 cap.
1086 4090 1147 4135 vn.
1190 4068 1254 4133 Ubi
1277 4067 1365 4132 flores
1380 4066 1562 4149 Periclymeni
1603 4064 1769 4141 ulceribus,
1790 4083 1914 4129 carnem
1928 4062 2050 4149 egregie
2070 4083 2226 4149 generem,
2247 4064 2279 4129 bt
2300 4081 2408 4135 cutem

738 4154 880 4219 'floribus
895 4154 1045 4226 affimilat,
1071 4156 1100 4218 &
1123 4152 1294 4241 consolidari
1322 4152 1448 4219 Indicam
1472 4151 1573 4215 arbo·
1603 4150 1745 4215 cicatrice
1769 4148 1941 4214 obducere:
1964 4151 1997 4213 in
2012 4170 2106 4234 quam
2120 4169 2186 4213 rem
2199 4148 2240 4213 sal
2257 4170 2299 4212 ex
2316 4150 2411 4232 soliis,

755 4262 850 4319 ream,
887 4241 1040 4303 nominari
1079 4241 1157 4316 vult,
1193 4240 1211 4303 al
1245 4238 1376 4319 viribus,
1417 4258 1492 4323 quas
1528 4238 1562 4301 in
1603 4251 1667 4300 arte
1679 4231 1730 4297 Cb
1785 4235 1833 4298 ica
1846 4250 1968 4318 quoque
1980 4233 2050 4298 elici
2068 4232 2178 4318 potest,
2200 4234 2284 4318 quod
2298 4252 2410 4319 praeter

757 4322 927 4410 Hemoptffi
938 4323 1084 4410 insignes,
1104 4324 1162 4387 sese
1177 4324 1208 4387 in
1223 4320 1414 4388 Nosocomio
1428 4322 1565 4405 publico,
1603 4255 1843 4387 consoliditatem
1868 4318 2062 4403 qualitatem,
2083 4322 2177 4383 etiarn
2190 4320 2307 4403 quaevis
2322 4322 2412 4390 inve.

755 4413 799 4477 fre
825 4408 992 4475 uentiffirne
1017 4406 1187 4475 obstrvissb
1216 4407 1350 4472 testetur.
1394 4407 1568 4489 Additque,
1601 4418 1709 4483 terete,
1729 4402 1953 4471 &mecanica
1965 4404 2080 4483 ulcere,
2100 4404 2336 4473 mundanddir.

756 4496 804 4563 sru
840 4520 874 4562 us
888 4493 942 4558 sub
957 4491 1266 4589 cineribusassatosi
1290 4490 1417 4557 Maleiis
1430 4490 1564 4570 comedi,

778 4774 1087 4851 MORINDA
1132 4768 1543 4841 CITRIFOLIA.
1854 4764 2149 4854 Nenenspeufirm.

1030 4908 1141 4955 ΗΑ
1166 4908 1181 4953 2
1204 4908 1218 4951 3
1242 4908 1295 4955 Η
1643 4861 1792 4931 Morinda
1805 4862 1943 4939 arborea,
1965 4862 2105 4951 pedunc„
2114 4866 2265 4939 solitariis.

759 5024 1127 5079 nrnrnuunrn
1173 5020 1566 5076 uonoornraa
1837 5010 2166 5097 Synornmaaurbm.

1258 5177 1266 5195 ,
1649 5111 1797 5183 uonna
1810 5116 1945 5195 arum,
1968 5118 2149 5201 punimus
2162 5119 2312 5189 soumru
2353 5120 2410 5193 n.
2450 5084 2455 5091 ’

996 5177 1153 5245 Charatler
1166 5198 1320 5277 generetur.
1499 5250 1503 5259 ,
1600 5202 1682 5290 2971,
1694 5200 1748 5270 82,

802 5294 908 5363 Flores
932 5294 1100 5384 aggregati,
1138 5291 1340 5379 monopetali.
1381 5289 1501 5379 stigma
1525 5311 1563 5359 a·
1644 5286 1964 5361 Bancuduslatisolia.
2005 5277 2411 5379 taupennis-158·

759 5384 868 5453 idum.
911 5380 1031 5470 Drupae
1046 5394 1233 5469 aggregatae..
1593 5387 1619 5443 t.
1633 5392 1692 5463 99.
1758 5384 1762 5391 ’

2080 5964 2408 6087 uersu
