6092 6950
972 834 1931 950 Mannuaarcus
2201 876 2270 975 97

757 1075 2135 1278 cana-prunam

820 1335 1335 1486 Mouruua
1409 1332 2080 1480 erruraonra.

1195 1563 1224 1586 ’Δ
1288 1568 1604 1710 'F1G.52.

631 1737 990 1988 CAga-Pildpa
1007 1740 1107 1851 ling.
1139 1741 1271 1824 Bram.
1297 1741 1372 1820 Ma
1388 1736 1704 1864 GMe-Paldest
1726 1735 1841 1818 arbor
1860 1736 2015 1820 nascens
2044 1737 2089 1818 in
2106 1738 2270 1820 arenosa

830 1867 1002 1960 petron.
2254 1921 2259 1928 .

605 2095 609 2108 ’
685 2075 810 2160 Radix
834 2075 979 2156 cortice
997 2072 1069 2153 sub
1097 2073 1235 2155 crusta·
1249 2072 1640 2184 nigricante-croceo.

686 2298 836 2380 Surculi
848 2295 1033 2404 superiori
1051 2314 1157 2406 parte
1173 2295 1465 2406 quadrangulati
1483 2297 1523 2376 δε
1543 2294 1657 2376 sulcis
1686 2247 1817 2390 striati,
1848 2276 2079 2403 nodulisque
2109 2294 2274 2375 extube-
2335 2347 2347 2368 .

628 2427 769 2498 rantes.

689 2637 727 2716 F
727 2633 912 2739 olia‘quae
931 2633 972 2714 in
993 2629 1156 2711 surculis
1175 2627 1197 2709 ὲ
1216 2627 1372 2712 nodulis
1388 2629 1482 2712 bina
1498 2631 1539 2710 δι
1558 2627 1650 2708 bina
1664 2631 1704 2708 br
1715 2655 1765 2708 ex
1780 2647 1942 2738 utraque
1959 2647 2066 2738 parte
2080 2630 2123 2709 in
2141 2628 2280 2708 eodem

632 2745 769 2828 ordine
788 2743 941 2850 petiolis
967 2742 1092 2823 craffis
1112 2743 1304 2835 rotundis,
1334 2743 1494 2821 interius
1522 2736 1704 2821 nonnihil
1737 2741 1862 2849 planis
1892 2743 2140 2851 proveniunt,
2160 2767 2280 2848 gran-

635 2856 711 2948 dia,
740 2852 1119 2961 oblongo-rotunda,
1149 2855 1196 2932 ad
1214 2851 1407 2962 petiolum
1425 2852 1679 2931 contradiora
1696 2853 1736 2956 be
1756 2852 1943 2931 anteriora
1961 2851 2088 2930 versus
2104 2851 2281 2929 rotundis

634 2968 711 3049 oris
731 2966 772 3044 in
792 2964 990 3072 cuspidem
1006 2963 1227 3058 desinentia,
1244 2981 1473 3043 contextura
1491 2961 1619 3054 crassa,
1636 2961 1786 3055 mollia,
1803 2961 2001 3071 superficie
2019 2962 2146 3071 plana,
2163 2961 2280 3053 lenia,

634 3079 758 3157 virore
776 3073 885 3155 susco
915 3077 955 3155 bc
989 3077 1137 3156 nitente
1169 3076 1211 3154 in
1242 3091 1348 3185 parte
1366 3077 1482 3169 reeta,
1511 3075 1554 3153 in
1573 3071 1724 3152 adversa
1748 3073 1868 3165 claro,
1892 3073 2021 3183 sapore
2051 3073 2217 3181 sylvestri
2241 3074 2283 3152 br

635 3188 850 3272 subamaro,

693 3413 759 3495 Ex
781 3410 884 3490 costa
901 3407 1145 3502 intermedia,
1175 3435 1261 3517 quae
1281 3406 1396 3489 crassa
1415 3408 1482 3501 est,
1500 3403 1764 3488 viridi-diluta
1782 3406 1847 3485 seu
1865 3403 2050 3500 albicans,
2072 3405 2113 3485 in
2132 3403 2288 3487 adversa

637 3522 714 3605 alte
740 3523 931 3621 eminens,
977 3520 1090 3629 Costae
1121 3542 1279 3627 quoque
1309 3518 1581 3599 viridi-dilutae
1610 3517 1789 3627 obliqu0,
1819 3517 1997 3596 annulari
2030 3520 2071 3597 δε
2103 3517 2286 3629 parallelo

637 3636 759 3716 dusbn
783 3648 941 3725 exeunt,
990 3625 1171 3739 proximi
1206 3630 1253 3709 ad
1282 3633 1499 3739 marginem
1543 3659 1587 3710 ac
1615 3630 1706 3709 inde
1743 3626 1882 3709 reflexa
1919 3629 2025 3708 venis
2071 3632 2115 3709 in
2148 3630 2185 3709 se
2222 3631 2286 3710 in-

639 3748 767 3826 vicem
793 3742 1033 3833 deseruntur,
1064 3741 1230 3848 suntque
1262 3742 1304 3820 in
1325 3746 1438 3823 ,resta
1453 3769 1628 3850 ¹quoque
1654 3758 1762 3852 parte
1780 3736 1963 3820 nonnihil
1985 3742 2200 3821 eminentes
2218 3769 2286 3821 ve-

640 3856 744 3939 nulis
765 3853 991 3947 transversas,
1022 3879 1110 3960 quae
1136 3847 1240 3931 haud
1259 3852 1450 3946 eminent,
1480 3851 1828 3933 intercurrentibus
1847 3852 2056 3945 comitata,
2086 3850 2181 3933 folia
2198 3881 2287 3960 quae

641 3966 886 4047 surculorum
921 3964 1162 4075 superiorum
1189 3963 1362 4071 partibus
1396 3962 1606 4057 adherent,
1635 3962 1772 4043 senfim
1790 3963 1943 4043 minora
1960 3990 2003 4040 ac
2022 3965 2186 4057 minora,
2216 3992 2288 4075 pe-

641 4076 821 4185 tiolisque
847 4076 971 4185 magis
1003 4074 1182 4153 brevibus
1210 4074 1478 4185 appendentia.
1639 4110 1643 4118 ·
1801 4089 1807 4095 “

698 4300 826 4383 Floret
846 4296 958 4409 supra
970 4324 1019 4377 ex
1043 4294 1235 4377 fructibus
1254 4298 1489 4406 proveniunt
1507 4295 1722 4377 constantes
1741 4295 1846 4376 soliis
1866 4315 2047 4405 quatuor,
2067 4296 2290 4405 quinqueve

643 4408 1024 4517 oblongo-angustis,
1073 4406 1293 4515 cuspidatis,
1319 4408 1603 4488 stellisormiter
1646 4397 1835 4517 expansus,
1878 4406 2002 4488 crassrs
2047 4436 2091 4487 ac
2138 4411 2289 4490 venulis

644 4522 692 4601 ad
717 4520 841 4600 visum
871 4515 1001 4598 minias
1027 4517 1260 4625 conspicuis,
1293 4516 1458 4626 suntque
1481 4517 1639 4598 interibs
1668 4519 1825 4598 candidi
1836 4557 1849 4613 3
1879 4515 2045 4600 exteriits
2076 4548 2125 4599 ex
2152 4520 2288 4599 viridi-

646 4632 774 4713 diluto
811 4630 1035 4724 albicantes,
1079 4626 1304 4737 habentque
1341 4630 1482 4737 pedem
1526 4630 1742 4711 rotundum
1775 4630 1943 4739 longum
1980 4631 2291 4713 viridi-dilutum

643 4742 950 4823 &albicantem

705 4966 873 5048 Stamina
891 4965 932 5043 in
947 4960 1109 5045 floribus
1129 4981 1308 5072 quatuor,
1338 4963 1529 5075 quinque,
1548 4962 1627 5058 sex,
1647 4992 1720 5076 pro
1738 4989 1904 5045 numero
1925 4963 2114 5046 foliorum
2131 4964 2290 5059 florum,

643 5077 791 5170 brevia,
821 5074 987 5154 subflava
1015 5074 1223 5183 prodeunt,
1258 5076 1424 5183 suntque
1455 5076 1564 5156 velut
1588 5076 1761 5186 lingnlae,
1792 5104 1878 5186 quae
1897 5078 1945 5155 ad
1975 5076 2208 5185 unguiculos
2226 5076 2292 5175 fo-

648 5186 792 5267 liorum
808 5184 958 5267 orificio
974 5184 1082 5294 pedis
1097 5184 1243 5266 insertae
1263 5186 1350 5266 sunt
1364 5225 1377 5281 3
1409 5215 1503 5267 cum
1516 5188 1564 5266 iis
1579 5190 1721 5267 emicat
1734 5187 1853 5296 stylus
1872 5186 2004 5266 viridis
2024 5189 2094 5297 qui
2110 5187 2159 5267 ad
2182 5188 2290 5268 sum·

649 5300 829 5381 mitatem
858 5294 1023 5389 crassior,
1056 5294 1198 5376 bifidus
1246 5324 1290 5377 ac
1323 5296 1483 5377 obscure
1517 5296 1737 5393 ruffescens,
1773 5298 1905 5406 estque
1934 5326 2000 5409 pes
2031 5298 2189 5395 florum,
2226 5326 2294 5415 per

652 5434 774 5517 quem
791 5408 822 5487 is
843 5407 1130 5502 transmittitur,
1159 5404 1320 5490 interibo
1339 5408 1435 5489 villo
1457 5408 1522 5489 seu
1536 5409 1658 5490 denfis
1678 5409 1768 5520 pilis
1787 5408 1950 5493 oblitus.
2241 5415 2245 5421 ’

709 5632 867 5712 Gemma
894 5631 1045 5713 Florum
1063 5619 1437 5741 oblongo-rotundae
1457 5635 1497 5712 tc
1524 5630 1872 5715 flavo-albicantes.

709 5852 873 5937 Fructus
890 5852 931 5930 in
951 5850 1128 5938 caulibus
1147 5851 1170 5935 ὲ
1193 5852 1350 5940 nodulis
1365 5880 1415 5941 ex
1439 5855 1594 5938 adverso
1613 5854 1801 5939 foliorum
1820 5855 2056 5972 proveniunt
2082 5857 2123 5934 in
2144 5856 2298 5965 petiolis

609 6062 612 6069 ¹
765 5963 892 6047 Tou.
915 5963 950 6053 1.
1484 5970 1523 6046 O
1556 5995 1579 6053 2
2037 5966 2298 6079 longioribus,
