6092 6950
988 743 1950 846 MALABARIGUS,
2265 769 2324 844 ιι

640 1286 2228 1413 uARJM-PANA.

868 1528 1420 1700 nonnssus'
1472 1591 2142 1704 runnuuursnn.

1366 1967 1401 2049 F
1431 1970 1451 2050 Ι
1481 1971 1537 2050 G.
1598 1995 1639 2076 9.

679 2182 1037 2436 Chium-Pam)
1067 2187 1153 2269 duae
1171 2187 1312 2299 species
1339 2189 1444 2288 sunt,
1474 2187 1739 2274 carim-Pana
1764 2194 1803 2274 δι
1822 2195 2010 2306 Ampana.

830 2408 1095 2492 Carlm-Pand
1127 2412 1328 2492 Bramanis
1357 2395 1596 2498 Taatdmadt
1638 2415 1813 2497 Lufitan.
1845 2415 2033 2498 Palmeira
2061 2415 2199 2498 Brava
2226 2412 2326 2502 fem.

674 2517 730 2598 est
754 2521 867 2602 arbor
888 2549 1044 2634 procera
1071 2523 1227 2604 nascens
1247 2526 1288 2605 in
1308 2527 1484 2608 arenosis.

731 2743 858 2824 Radix
889 2743 1050 2856 supernd
1082 2747 1275 2858 capillata,
1310 2777 1355 2830 ac
1383 2746 1535 2830 inferne
1570 2776 1726 2832 ramum
1757 2749 1934 2832 medium
1970 2746 2187 2829 craffiorem
2225 2745 2327 2828 rena

676 2853 901 2983 demittens,
930 2868 974 2936 a'c
1000 2885 1094 2939 cum
1112 2885 1159 2938 eo
1180 2887 1308 2942 ramos
1336 2861 1561 2944 transversos
1587 2864 1793 2959 tenuiores,
1823 2863 1955 2973 estque
1977 2859 2123 2941 cortice
2150 2885 2194 2939 ac
2214 2859 2324 2970 ligno

676 2983 905 3076 mgncante.
2147 3019 2152 3026 ·

732 3191 882 3272 Caudex
907 3190 1018 3302 ligno
1043 3192 1384 3306 ruso-nigricante,
1415 3198 1456 3276 in
1477 3197 1608 3279 medio
1641 3198 1800 3280 corculo
1825 3194 1953 3289 molli,
1983 3188 2152 3276 exteriirs
2181 3191 2328 3274 cortice

674 3299 741 3490 lseu
765 3303 890 3495 crpsta
913 3304 1142 3414 nigricante,
1158 3335 1245 3417 quae
1265 3308 1424 3419 deglubi
1451 3311 1603 3419 nequit,
1633 3329 1678 3392 ut
1703 3307 1842 3420 Terga,
1873 3306 2080 3399 obductus,
2097 3305 2145 3383 ad
2159 3301 2325 3383 crustam

690 3441 785 3522 igno
826 3442 964 3497 unore.
2354 3453 2358 3463 ·

730 3637 846 3718 Romi
863 3638 1080 3717 coronatim
1106 3664 1150 3717 ac
1178 3638 1312 3718 ordine
1336 3640 1529 3721 decuffato
1547 3638 1748 3719 caudicem
1774 3637 2061 3730 circumsident,
2093 3634 2261 3744 sun-'tque
2279 3636 2322 3716 in
2384 3734 2396 3747 ι

673 3747 784 3856 pede,
815 3748 885 3856 qui
904 3767 1071 3857 quatuor
1094 3748 1217 3827 ferme
1244 3751 1398 3830 cubitos
1416 3751 1626 3859 oblongus,
1656 3751 1817 3830 interius
1836 3749 1998 3860 plani&
2013 3744 2195 3827 nonnihil
2221 3748 2320 3841 cavi,

673 3860 841 3938 exterius
859 3860 1017 3939 rotundi
1042 3887 1086 3939 ac
1116 3860 1158 3939 in
1182 3861 1259 3940 oris
1284 3862 1337 3940 ob
1361 3862 1536 3971 cuspides
1553 3862 1766 3942 eminentes
1788 3860 1907 3970 asperi
1940 3860 1980 3939 ὅτ
1999 3859 2227 3951 incidentes,
2256 3859 2321 3937 in-

673 3966 782 4047 ferne
802 3971 955 4051 latiores
969 3998 1013 4051 ac
1031 3969 1266 4081 spithamam
1283 3971 1407 4053 ferme
1421 3974 1463 4052 in
1475 3973 1680 4052 latitudine
1704 3990 1913 4083 aequantcs,
1935 3967 2096 4078 superne
2121 3968 2322 4051 strifflores

674 4106 719 4159 ac
744 4079 993 4161 latitudinem
1017 4080 1139 4163 ferme
1165 4084 1281 4163 unius
1309 4083 1449 4193 palmi,
1475 4086 1517 4162 in
1544 4082 1765 4163 summitate
1790 4082 1934 4161 folium
1952 4080 2187 4189 praegrande,
2215 4078 2325 4188 quod

672 4189 900 4273 latiffimum
923 4193 991 4286 est,
1021 4221 1065 4273 ac
1092 4196 1200 4273 velut
1232 4194 1434 4275 flabellum
1465 4195 1656 4303 plicatum
1693 4193 1915 4305 explicant3
1948 4191 2037 4269 sunt
2068 4208 2199 4269 autem
2226 4189 2322 4270 solia

672 4298 757 4382 haec
797 4304 839 4381 in
878 4304 1071 4414 plicarum
1108 4306 1185 4384 oris
1223 4306 1486 4385 eminentibus
1521 4304 1632 4387 costis
1672 4306 1808 4415 asperis
1847 4302 2028 4394 obducta,
2059 4302 2100 4380 in
2135 4302 2323 4383 anteriore

701 4431 781 4492 arte
808 4414 940 4514 incisa,
969 4444 1014 4493 ac
1049 4416 1092 4493 in
1119 4415 1249 4523 plures
1271 4414 1445 4523 cuspides
1478 4415 1618 4508 stricta,
1648 4432 1876 4495 contextura
1904 4412 2016 4494 densa
2051 4414 2091 4492 sle
2118 4410 2247 4504 crassa,
2278 4410 2319 4491 in

673 4440 841 4633 longum
871 4526 979 4605 venis
1012 4523 1134 4609 denfis
1172 4522 1326 4617 striata;
1357 4526 1455 4603 rami
1487 4519 1581 4603 cirm
1614 4526 1810 4605 tenerrimi
1852 4524 1941 4605 sunt
1972 4550 2067 4603 cum
2099 4521 2174 4601 suis
2213 4521 2319 4602 foliis

673 4631 1035 4715 flabelli-formibus
1056 4634 1219 4717 candida
1243 4635 1331 4718 sunt
1364 4634 1594 4719 &nitentia
1625 4663 1670 4716 ac
1697 4634 1793 4721 solia
1820 4638 1861 4721 in
1894 4635 1931 4716 se
1958 4634 2071 4746 plicis
2092 4631 2316 4733 convoluu,

601 4798 606 4809 ·
674 4746 842 4826 anterius
857 4742 963 4828 haud
991 4746 1122 4831 incisa.

729 4970 893 5051 Fruslus
915 4969 1003 5049 sunt
1020 4988 1179 5054 externa
1205 4970 1333 5053 forma
1361 4971 1505 5053 firniles
1521 4970 1713 5054 fructibus
1743 4969 1882 5083 Terga,
1913 4970 1975 5050 sed
1996 4969 2165 5053 minores
2186 4970 2226 5049 δε
2251 4994 2317 5049 ro·

672 5077 869 5159 tundiores
898 5082 937 5159 &
966 5082 1007 5161 in
1031 5084 1173 5163 vertice
1192 5081 1373 5165 nonnihil
1392 5082 1501 5195 plani
1525 5084 1648 5193 calyci
1662 5087 1765 5165 ardio
1784 5088 1824 5165 dr
1838 5083 1976 5191 majori
1995 5086 2035 5163 δι
2053 5075 2158 5162 soliis
2178 5097 2320 5163 mutuo

672 5190 967 5271 circumvolutis
981 5195 1149 5302 excepti,
1170 5196 1401 5302 prodeuntes
1429 5223 1478 5275 ex
1497 5198 1616 5305 capsrs
1632 5224 1718 5305 quae
1747 5195 1871 5275 tribus
1899 5193 2004 5275 foliis
2025 5197 2125 5272 arcte
2143 5192 2338 5271 circum-¹

672 5300 815 5381 volutis
841 5300 1030 5397 constant,
1061 5331 1105 5384 ac
1140 5305 1251 5413 supra
1276 5335 1325 5387 ex
1350 5326 1487 5388 exortu
1513 5336 1712 5389 ramorum
1737 5323 1964 5416 erumpunt,
1995 5304 2084 5383 sunt
2116 5319 2247 5383 autem
2274 5298 2319 5381 hi

670 5408 819 5493 fruetus
839 5413 970 5523 calyce
990 5419 1093 5496 aruo
1112 5418 1152 5497 &
1183 5418 1321 5525 majori
1353 5445 1402 5499 ex
1427 5418 1533 5500 foliis
1565 5440 1707 5499 mutuo
1731 5420 1768 5499 ei
1792 5416 2085 5499 circumvolutis
2105 5413 2319 5522 composito

672 5524 838 5632 excepti,
869 5526 1023 5606 corticis
1062 5528 1169 5609 crassi
1207 5525 1374 5611 exteriirs
1411 5529 1573 5611 obducti
1604 5531 1793 5612 corticula
1823 5528 1951 5623 densa,
1992 5556 2078 5636 quae
2125 5522 2317 5606 fructibus

670 5631 890 5717 immaturis
921 5635 1180 5734 viridi-fusca,
1208 5640 1335 5722 nitens
1374 5668 1418 5721 ac
1454 5642 1604 5750 glabra,
1647 5668 1691 5722 ac
1732 5643 1779 5723 iis
1818 5642 1981 5722 maturis
2016 5630 2175 5745 inferiirs
2207 5631 2319 5744 supra

666 5740 842 5857 calycem
877 5749 1072 5867 nigricans
1105 5753 1145 5837 &
1175 5751 1318 5852 nitens,
1347 5780 1393 5839 ac
1407 5752 1537 5954 (sulcis
1565 5754 1632 5841 seu
1658 5752 1795 5847 fissuris
1820 5754 1863 5843 iu
1892 5752 2058 5865 longum
2087 5746 2215 5943 stripta
2248 5743 2316 5878 5sp

1475 5892 1501 5960 2
1967 5886 1969 5890 ’
2161 5881 2318 5970 upenus
