6092 6950
585 922 589 930 ‚
745 783 1965 948 „„nnrnunnrcus
2242 815 2309 914 43

828 1120 903 1256 'A
1020 1122 1086 1251 r
1192 1118 1261 1248 r
1362 1125 1428 1248 r
1501 1191 1530 1219 -
1628 1126 1697 1248 A
1819 1125 1880 1244 L
2030 1123 2106 1244 U.

903 1343 1260 1458 FICUS
1346 1339 2032 1462 RACEMOSA.

1338 1607 1512 1726 Fre„
1572 1635 1594 1692 2
1601 1635 1639 1720 5.

656 1807 826 2058 Aa
839 1805 882 1891 u
901 1778 1071 1916 quatior
1087 1802 1177 1883 runt
1197 1800 1356 1913 species,
1384 1802 1603 1915 Ata-Aa,
1634 1799 1831 1910 rra-Aa,
1861 1797 2021 1894 Areua,
2052 1801 2206 1900 Peraia.

825 2031 1030 2141 Atty-Alrr
1060 2028 1199 2139 lingua
1229 2027 1482 2120 Bramanum,
1512 2023 1744 2118 Roembudal,
1774 2023 1829 2103 est
1853 2023 1967 2106 arbor
1984 2051 2158 2134 procera,
2186 2025 2310 2110 densis
2435 2113 2439 2133 ,

652 2144 695 2222 de
723 2143 854 2254 opacis
872 2137 1184 2222 frondibus-late
1207 2116 1352 2248 spar'srs,
1383 2137 1631 2249 nasciturque
1658 2137 1699 2215 in
1720 2136 1898 2220 arenosis.
1998 2217 2001 2224 ,

711 2366 836 2449 Radix
860 2365 975 2447 craffa
994 2364 1182 2445 radiculas
1199 2361 1371 2444 laterales
1400 2363 1588 2474 plurimas
1609 2359 1763 2442 fibrosas
1791 2378 1871 2442 tam
1891 2359 2041 2456 subtus,
2060 2359 2182 2470 quim
2201 2362 2312 2473 super

654 2496 797 2560 terram
825 2477 945 2588 long&
972 2473 1127 2585 late'que
1150 2473 1391 2570 diffundens,
1421 2475 1567 2555 cortice
1586 2473 1724 2568 laneo,
1755 2471 1826 2584 qui
1856 2471 1929 2552 sub
1953 2473 2078 2554 crusta
2098 2475 2313 2584 nigricante

653 2617 706 2670 ex
727 2590 819 2670 albo
832 2589 1014 2684 rubescit,
1035 2614 1078 2668 ac
1096 2589 1240 2670 incisus
1260 2587 1324 2668 seu
1341 2589 1535 2668 detractus
1555 2586 1721 2699 pleniori
1746 2584 1934 2684 rubedine
1953 2584 2128 2666 celeriter
2147 2584 2311 2697 perfun-

652 2702 774 2794 ditur,
805 2694 968 2782 brachio
996 2699 1118 2780 inciso
1196 2727 1288 2780 uam
1312 2700 1521 2818 limpidam
1555 2702 1594 2782 δι
1627 2697 1832 2808 insipidam
1849 2723 1907 2804 ac
1940 2696 2170 2780 subrubram
2199 2697 2310 2808 sapo-

530 2822 531 2825 ‘
653 2813 782 2923 risque
799 2811 934 2923 frigidi
947 2810 1154 2893 ubertime
1214 2812 1308 2905 bet,
1324 2839 1411 2922 quae
1428 2810 1513 2892 vase
1532 2809 1727 2922 supposito
1738 2827 1900 2917 excepta
1914 2807 1983 2888 suo
1994 2808 2079 2890 usui
2094 2808 2310 2894 asservatur.

712 3036 862 3120 Caudex
879 3035 1032 3130 craffus,
1053 3035 1283 3147 amplexum
1304 3036 1419 3118 unius
1434 3033 1610 3122 hominis
1626 3034 1779 3116 ambitu
1793 3033 1998 3130 excedens,
2014 3035 2158 3116 cortice
2178 3032 2310 3128 crasso,

653 3150 831 3230 coriaceo
848 3177 892 3229 ac
917 3148 1053 3245 lacteo,
1084 3150 1154 3257 qui
1179 3147 1203 3228 a
1234 3150 1345 3260 ligno
1371 3147 1565 3229 detractus
1597 3146 1661 3228 seu
1690 3145 1832 3230 incisus
1863 3146 1970 3227 intus
1999 3174 2049 3228 ex
2074 3145 2206 3229 colore
2221 3146 2312 3226 albo

652 3287 814 3372 quoque
832 3258 1017 3344 nonnihil
1040 3261 1225 3343 rubescit.
1286 3262 1437 3348 Surculi
1455 3261 1580 3342 teneri
1603 3259 1757 3352 virides,
1788 3258 2015 3368 geniculati.

713 3486 822 3568 Folia
845 3511 934 3594 quae
964 3486 1006 3565 in
1035 3484 1222 3565 tamisae
1257 3482 1422 3563 surculis
1440 3484 1597 3592 petiolis
1624 3479 1870 3561 mediocriter
1899 3480 2044 3591 longis,
2074 3482 2216 3576 crassis,
2244 3508 2312 3563 ro·

655 3597 805 3690 tundis,
827 3597 867 3675 bt
892 3591 1053 3689 interius
1073 3595 1241 3673 tenuiter
1259 3594 1395 3673 striatis
1414 3594 1664 3703 proveniunt,
1684 3592 2049 3701 oblongo-rotunda
2067 3592 2313 3703 longitudine

654 3708 706 3788 ad
725 3707 987 3800 latitudinem,
1018 3734 1105 3813 quae
1133 3708 1175 3785 in
1206 3707 1338 3784 medio
1364 3702 1544 3785 maxima·
1557 3706 1611 3784 est
1639 3702 1762 3785 ferme
1785 3703 1917 3813 dupla,
1948 3704 1996 3783 ad
2014 3706 2209 3814 petiolum
2233 3706 2311 3786 oris

658 3819 835 3901 rotundis
868 3812 1036 3899 anteriirs
1064 3818 1106 3896 in
1140 3816 1339 3927 cuspidem
1366 3815 1505 3895 leniter
1529 3816 1752 3907 contractis,
1783 3814 1949 3923 suntque
1985 3818 2130 3912 tenuia,
2159 3816 2312 3914 mollia,
2478 3860 2483 3877 ,

656 3931 791 4041 glabra
823 3933 863 4011 bt
895 3930 1012 4030 lenia,
1042 3930 1166 4009 virore
1194 3930 1364 4008 inradia
1392 3948 1499 4036 parte
1529 3929 1637 4008 fusco
1668 3930 1707 4006 δε
1741 3928 1903 4020 nitente,
1933 3930 1974 4006 in
2006 3929 2155 4009 adversa
2180 3948 2312 4009 autem

652 4041 763 4123 claro
781 4072 790 4121 ε
822 4042 930 4120 nervi
950 4043 991 4119 in
1011 4039 1156 4148 quibus
1176 4040 1279 4119 viror
1298 4040 1460 4119 dilutior
1479 4040 1546 4134 est,
1564 4068 1611 4119 ex
1632 4038 1733 4117 costa
1752 4038 1934 4131 crassiola,
1955 4066 2125 4149 quacum
2147 4042 2186 4119 in
2207 4061 2314 4149 parte

653 4153 807 4233 adversa
823 4154 1013 4245 eminent,
1039 4150 1204 4259 obliquo
1221 4151 1341 4231 dudm
1356 4151 1545 4230 anteriora
1563 4151 1690 4230 versus
1711 4168 1868 4243 exeunt,
1882 4178 1925 4228 ac
1944 4147 2122 4260 proxime
2143 4151 2189 4229 ad
2205 4172 2310 4232 mar-

657 4266 792 4373 ginem
812 4264 943 4341 reflexi
963 4263 1181 4342 minoribus
1199 4262 1365 4342 arcubus
1396 4262 1437 4340 in
1465 4263 1504 4341 se
1535 4262 1704 4343 invicem
1733 4260 1972 4354 deferuntur,
2004 4290 2047 4345 ac
2078 4263 2178 4344 inter
2196 4260 2312 4345 hosce

656 4374 1110 4455 venis·transvers1sfolia
1133 4375 1378 4455 cancellatim
1410 4372 1597 4455 dense&
1628 4372 1818 4453 subtiliter
1850 4392 2025 4485 perrexta
2055 4374 2142 4455 sunt
2155 4412 2171 4473 3
2201 4376 2311 4487 sapor

521 4488 532 4501 '
654 4486 762 4566 foliis
777 4486 1027 4596 adstringens,
1058 4484 1155 4567 odor
1174 4487 1307 4566 nullus
1326 4486 1398 4566 nin
1422 4485 1637 4593 sylvestris:
1669 4486 1711 4564 in
1740 4485 1882 4565 vertice
1912 4474 2155 4567 surculorum
2185 4492 2326 4569 conus
2418 4568 2422 4577 ,

655 4597 850 4709 oblongus
870 4600 910 4677 bt
939 4597 1072 4678 viridis
1095 4598 1200 4679 inter
1218 4596 1355 4680 foliosa
1372 4597 1574 4679 involucra
1593 4597 1729 4703 viridia
1748 4595 1844 4678 folia
1862 4592 2004 4679 'tenella
2022 4598 2249 4683 recondens.

711 4823 840 4905 Floret
858 4821 934 4903 fert
959 4823 1089 4903 nullos
1117 4823 1175 4903 uti
1199 4845 1270 4903 nec
1295 4838 1440 4903 caeterae
1463 4820 1621 4932 species.

678 5068 688 5086 ‘
714 5047 879 5126 Frutlus
893 5045 934 5125 in
958 5047 1073 5125 ramis
1098 5074 1142 5125 ac
1170 5046 1332 5127 surculis
1347 5044 1503 5156 petiolis
1532 5044 1667 5140 curtis,
1691 5043 1888 5140 craffiolis,
1920 5042 2103 5127 nonnihil
2122 5047 2308 5150 incurvis,

657 5173 748 5237 tum
775 5157 894 5236 etiam
920 5157 1065 5267 inipso
1089 5182 1250 5267 corpore
1278 5156 1409 5267 plures
1436 5156 1664 5267 congregati
1694 5160 1944 5268 proveniunt,
1974 5158 2141 5267 suntque
2169 5158 2309 5289 plano·

658 5268 831 5361 rotundi,
863 5296 906 5348 ac
932 5268 979 5346 ad
1009 5268 1203 5377 petiolum
1226 5268 1514 5363 contractiores,
1545 5267 1729 5347 nonnihil
1761 5267 1874 5380 pilofi
1908 5296 2002 5349 cum
2037 5267 2231 5353 umbilrco
2268 5270 2310 5351 in

657 5381 799 5459 vertioe
817 5378 922 5460 haud
952 5380 1151 5459 dissimiles
1171 5382 1307 5460 nostris
1327 5380 1427 5475 ficis,
1457 5408 1552 5459 cum
1582 5382 1782 5461 immaturi
1813 5380 1916 5475 sunt,
1946 5381 2085 5463 virides
2117 5410 2160 5459 ac
2189 5380 2311 5469 lacteo

657 5490 824 5598 liquore,
855 5510 900 5571 ut
913 5494 952 5571 δι
965 5494 1004 5571 in
1020 5492 1175 5601 petiolis
1187 5530 1201 5587 3
1231 5493 1388 5586 maturi,
1411 5490 1543 5574 colore
1561 5493 1831 5575 rubicundo&
1846 5496 1977 5574 minus
2001 5491 2124 5586 laisei,
2144 5492 2313 5602 suntque

656 5600 716 5679 in'
731 5602 885 5685 eduliis.

714 5824 764 5907 In
782 5820 887 5908 bisce
910 5824 1102 5911 fructibus
1128 5845 1175 5911 ut
1207 5827 1251 5909 in
1280 5825 1365 5913 ficis
1385 5832 1522 6023 Grgra
1549 5856 1679 5941 parva,
1709 5828 1855 5926 tenuia,
1886 5822 2070 5942 oblonga,
2106 5818 2316 6024 numqua}

1516 5966 1541 6025 2
2239 5966 2317 6029 erre
