<?xml version="1.0" encoding="UTF-8"?>
<!DOCTYPE html PUBLIC "-//W3C//DTD XHTML 1.0 Transitional//EN"
    "http://www.w3.org/TR/xhtml1/DTD/xhtml1-transitional.dtd">
<html xmlns="http://www.w3.org/1999/xhtml" xml:lang="en" lang="en">
 <head>
  <title>
</title>
<meta http-equiv="Content-Type" content="text/html;charset=utf-8" />
  <meta name='ocr-system' content='tesseract 3.04.00' />
  <meta name='ocr-capabilities' content='ocr_page ocr_carea ocr_par ocr_line ocrx_word'/>
</head>
<body>
  <div class='ocr_page' id='page_1' title='image "./hortimalabarici00drakgoog/hortimalabarici00drakgoog_0039.png"; bbox 0 0 6092 6950; ppageno 0'>
   <div class='ocr_carea' id='block_1_1' title="bbox 980 873 1939 983">
    <p class='ocr_par' dir='ltr' id='par_1_1' title="bbox 980 873 1939 983">
     <span class='ocr_line' id='line_1_1' title="bbox 980 873 1939 983; baseline 0.003 -3"><span class='ocrx_word' id='word_1_1' title='bbox 980 873 1939 983; x_wconf 73' lang='lat' dir='ltr'>Matauanlcus.</span> 
     </span>
    </p>
   </div>
   <div class='ocr_carea' id='block_1_2' title="bbox 802 1193 2137 1564">
    <p class='ocr_par' dir='ltr' id='par_1_2' title="bbox 802 1193 2137 1564">
     <span class='ocr_line' id='line_1_2' title="bbox 821 1193 2137 1329; baseline -0.008 0"><span class='ocrx_word' id='word_1_2' title='bbox 821 1209 878 1329; x_wconf 83' lang='lat' dir='ltr'><em>C</em></span> <span class='ocrx_word' id='word_1_3' title='bbox 963 1203 1058 1325; x_wconf 89' lang='lat' dir='ltr'>H·</span> <span class='ocrx_word' id='word_1_4' title='bbox 1122 1193 1198 1321; x_wconf 79' lang='lat' dir='ltr'>A&#39;</span> <span class='ocrx_word' id='word_1_5' title='bbox 1277 1204 1375 1323; x_wconf 92' lang='lat' dir='ltr'><em>M</em></span> <span class='ocrx_word' id='word_1_6' title='bbox 1461 1207 1521 1324; x_wconf 91' lang='lat' dir='ltr'><em>P</em></span> <span class='ocrx_word' id='word_1_7' title='bbox 1600 1206 1669 1320; x_wconf 92' lang='lat' dir='ltr'><em>A</em></span> <span class='ocrx_word' id='word_1_8' title='bbox 1752 1199 1805 1318; x_wconf 87' lang='lat' dir='ltr'><em>C</em></span> <span class='ocrx_word' id='word_1_9' title='bbox 1890 1201 1954 1318; x_wconf 90' lang='lat' dir='ltr'><em>A</em></span> <span class='ocrx_word' id='word_1_10' title='bbox 2037 1199 2137 1319; x_wconf 91' lang='lat' dir='ltr'>M.</span> 
     </span>
     <span class='ocr_line' id='line_1_3' title="bbox 802 1442 2053 1564; baseline -0.007 -2"><span class='ocrx_word' id='word_1_11' title='bbox 802 1489 808 1498; x_wconf 88' lang='lat'><strong>·</strong></span> <span class='ocrx_word' id='word_1_12' title='bbox 922 1449 1414 1564; x_wconf 85' lang='lat' dir='ltr'>MICHELIA</span> <span class='ocrx_word' id='word_1_13' title='bbox 1493 1442 2053 1564; x_wconf 86' lang='lat' dir='ltr'><strong>CHAMPACA.</strong></span> 
     </span>
    </p>
   </div>
   <div class='ocr_carea' id='block_1_3' title="bbox 649 1763 2320 2166">
    <p class='ocr_par' dir='ltr' id='par_1_3' title="bbox 649 1763 2320 2166">
     <span class='ocr_line' id='line_1_4' title="bbox 1317 1763 1669 1856; baseline 0.011 -6"><span class='ocrx_word' id='word_1_14' title='bbox 1317 1768 1506 1851; x_wconf 61' lang='lat' dir='ltr'><em>1²1(ss</em></span> <span class='ocrx_word' id='word_1_15' title='bbox 1555 1799 1569 1854; x_wconf 92' lang='lat'>1</span> <span class='ocrx_word' id='word_1_16' title='bbox 1608 1830 1619 1856; x_wconf 85' lang='lat'><strong>.</strong></span> <span class='ocrx_word' id='word_1_17' title='bbox 1664 1763 1669 1767; x_wconf 65' lang='grc'>’</span> 
     </span>
     <span class='ocr_line' id='line_1_5' title="bbox 649 1801 2320 2166; baseline 0.001 -172"><span class='ocrx_word' id='word_1_18' title='bbox 649 1907 991 2166; x_wconf 75' lang='lat' dir='ltr'>CHampaccim</span> <span class='ocrx_word' id='word_1_19' title='bbox 1020 1908 1155 2019; x_wconf 88' lang='lat' dir='ltr'>lingua</span> <span class='ocrx_word' id='word_1_20' title='bbox 1185 1912 1315 1991; x_wconf 87' lang='lat' dir='ltr'>Bram.</span> <span class='ocrx_word' id='word_1_21' title='bbox 1343 1856 1507 2020; x_wconf 73' lang='lat' dir='ltr'>fbampl,</span> <span class='ocrx_word' id='word_1_22' title='bbox 1538 1801 1601 1994; x_wconf 83' lang='lat' dir='ltr'>est9</span> <span class='ocrx_word' id='word_1_23' title='bbox 1618 1910 1732 1992; x_wconf 86' lang='lat' dir='ltr'>arbor</span> <span class='ocrx_word' id='word_1_24' title='bbox 1760 1935 1920 2020; x_wconf 89' lang='lat' dir='ltr'>procera</span> <span class='ocrx_word' id='word_1_25' title='bbox 1948 1908 2069 1996; x_wconf 83' lang='lat' dir='ltr'>densis</span> <span class='ocrx_word' id='word_1_26' title='bbox 2102 1909 2320 1998; x_wconf 71' lang='lat' dir='ltr'>frondibus</span> 
     </span>
    </p>
   </div>
   <div class='ocr_carea' id='block_1_4' title="bbox 770 2022 1923 2272">
    <p class='ocr_par' dir='ltr' id='par_1_4' title="bbox 770 2022 1923 2272">
     <span class='ocr_line' id='line_1_6' title="bbox 770 2022 1467 2134; baseline 0.003 -32"><span class='ocrx_word' id='word_1_27' title='bbox 770 2022 845 2104; x_wconf 69' lang='lat' dir='ltr'>late</span> <span class='ocrx_word' id='word_1_28' title='bbox 867 2025 1012 2134; x_wconf 86' lang='lat' dir='ltr'>sparfis,</span> <span class='ocrx_word' id='word_1_29' title='bbox 1043 2022 1199 2102; x_wconf 87' lang='lat' dir='ltr'>nascens</span> <span class='ocrx_word' id='word_1_30' title='bbox 1226 2023 1269 2103; x_wconf 91' lang='lat' dir='ltr'>in</span> <span class='ocrx_word' id='word_1_31' title='bbox 1288 2022 1467 2104; x_wconf 79' lang='lat' dir='ltr'>arenosis.</span> 
     </span>
     <span class='ocr_line' id='line_1_7' title="bbox 798 2142 1923 2272; baseline -0.001 -28"><span class='ocrx_word' id='word_1_32' title='bbox 798 2163 924 2244; x_wconf 73' lang='lat' dir='ltr'>Radit</span> <span class='ocrx_word' id='word_1_33' title='bbox 944 2159 1047 2242; x_wconf 87' lang='lat' dir='ltr'>ruffo</span> <span class='ocrx_word' id='word_1_34' title='bbox 1065 2142 1210 2240; x_wconf 88' lang='lat' dir='ltr'>cortice</span> <span class='ocrx_word' id='word_1_35' title='bbox 1229 2161 1300 2270; x_wconf 90' lang='lat' dir='ltr'>qui</span> <span class='ocrx_word' id='word_1_36' title='bbox 1317 2160 1460 2271; x_wconf 90' lang='lat' dir='ltr'>saporis</span> <span class='ocrx_word' id='word_1_37' title='bbox 1480 2159 1538 2240; x_wconf 89' lang='lat' dir='ltr'>cst</span> <span class='ocrx_word' id='word_1_38' title='bbox 1549 2163 1669 2240; x_wconf 86' lang='lat' dir='ltr'>amari</span> <span class='ocrx_word' id='word_1_39' title='bbox 1684 2165 1724 2244; x_wconf 81' lang='lat' dir='ltr'>be</span> <span class='ocrx_word' id='word_1_40' title='bbox 1742 2161 1923 2272; x_wconf 84' lang='lat' dir='ltr'>peractis.</span> 
     </span>
    </p>
   </div>
   <div class='ocr_carea' id='block_1_5' title="bbox 647 2301 2309 2638">
    <p class='ocr_par' dir='ltr' id='par_1_5' title="bbox 647 2301 2309 2638">
     <span class='ocr_line' id='line_1_8' title="bbox 706 2301 2307 2414; baseline 0.004 -27"><span class='ocrx_word' id='word_1_41' title='bbox 706 2304 855 2387; x_wconf 84' lang='lat' dir='ltr'><em>Caudex</em></span> <span class='ocrx_word' id='word_1_42' title='bbox 885 2307 998 2386; x_wconf 91' lang='lat' dir='ltr'>unius</span> <span class='ocrx_word' id='word_1_43' title='bbox 1028 2301 1203 2384; x_wconf 88' lang='lat' dir='ltr'>hominis</span> <span class='ocrx_word' id='word_1_44' title='bbox 1236 2305 1465 2414; x_wconf 89' lang='lat' dir='ltr'>amplexum</span> <span class='ocrx_word' id='word_1_45' title='bbox 1493 2305 1646 2385; x_wconf 90' lang='lat' dir='ltr'>ambitu</span> <span class='ocrx_word' id='word_1_46' title='bbox 1685 2305 1868 2414; x_wconf 91' lang='lat' dir='ltr'>implens,</span> <span class='ocrx_word' id='word_1_47' title='bbox 1899 2307 2044 2388; x_wconf 90' lang='lat' dir='ltr'>cortice</span> <span class='ocrx_word' id='word_1_48' title='bbox 2073 2307 2205 2404; x_wconf 83' lang='lat' dir='ltr'>crasso,</span> <span class='ocrx_word' id='word_1_49' title='bbox 2236 2341 2307 2394; x_wconf 90' lang='lat' dir='ltr'>ex-</span> 
     </span>
     <span class='ocr_line' id='line_1_9' title="bbox 648 2412 2309 2528; baseline 0.008 -34"><span class='ocrx_word' id='word_1_50' title='bbox 648 2414 768 2526; x_wconf 73' lang='lat' dir='ltr'>teriirs</span> <span class='ocrx_word' id='word_1_51' title='bbox 789 2418 957 2511; x_wconf 89' lang='lat' dir='ltr'>cinereo,</span> <span class='ocrx_word' id='word_1_52' title='bbox 988 2417 1094 2495; x_wconf 89' lang='lat' dir='ltr'>intus</span> <span class='ocrx_word' id='word_1_53' title='bbox 1121 2415 1249 2510; x_wconf 91' lang='lat' dir='ltr'>molli,</span> <span class='ocrx_word' id='word_1_54' title='bbox 1280 2412 1350 2494; x_wconf 91' lang='lat' dir='ltr'>sub</span> <span class='ocrx_word' id='word_1_55' title='bbox 1373 2417 1555 2496; x_wconf 85' lang='lat' dir='ltr'>exteriori</span> <span class='ocrx_word' id='word_1_56' title='bbox 1577 2415 1764 2528; x_wconf 84' lang='lat' dir='ltr'>corticula</span> <span class='ocrx_word' id='word_1_57' title='bbox 1793 2417 2042 2500; x_wconf 90' lang='lat' dir='ltr'>viridescente</span> <span class='ocrx_word' id='word_1_58' title='bbox 2071 2424 2111 2502; x_wconf 78' lang='lat' dir='ltr'>lie</span> <span class='ocrx_word' id='word_1_59' title='bbox 2141 2448 2189 2502; x_wconf 90' lang='lat' dir='ltr'>ex</span> <span class='ocrx_word' id='word_1_60' title='bbox 2216 2424 2309 2508; x_wconf 82' lang='lat' dir='ltr'>albo</span> 
     </span>
     <span class='ocr_line' id='line_1_10' title="bbox 647 2525 2005 2638; baseline 0.004 -32"><span class='ocrx_word' id='word_1_61' title='bbox 647 2525 884 2622; x_wconf 87' lang='lat' dir='ltr'>flavescente,</span> <span class='ocrx_word' id='word_1_62' title='bbox 914 2529 985 2636; x_wconf 91' lang='lat' dir='ltr'>qui</span> <span class='ocrx_word' id='word_1_63' title='bbox 1002 2527 1145 2637; x_wconf 88' lang='lat' dir='ltr'>saporis</span> <span class='ocrx_word' id='word_1_64' title='bbox 1163 2527 1220 2607; x_wconf 86' lang='lat' dir='ltr'>est</span> <span class='ocrx_word' id='word_1_65' title='bbox 1236 2529 1370 2621; x_wconf 88' lang='lat' dir='ltr'>amari,</span> <span class='ocrx_word' id='word_1_66' title='bbox 1400 2528 1442 2608; x_wconf 70' lang='grc' dir='ltr'>δι</span> <span class='ocrx_word' id='word_1_67' title='bbox 1461 2526 1645 2623; x_wconf 87' lang='lat' dir='ltr'>subacris,</span> <span class='ocrx_word' id='word_1_68' title='bbox 1673 2528 1783 2638; x_wconf 89' lang='lat' dir='ltr'>ligno</span> <span class='ocrx_word' id='word_1_69' title='bbox 1801 2528 2005 2612; x_wconf 78' lang='lat' dir='ltr'><strong>albicante.</strong></span> 
     </span>
    </p>
   </div>
   <div class='ocr_carea' id='block_1_6' title="bbox 648 2666 2398 3000">
    <p class='ocr_par' dir='ltr' id='par_1_6' title="bbox 648 2666 2398 3000">
     <span class='ocr_line' id='line_1_11' title="bbox 705 2666 2309 2781; baseline 0.004 -34"><span class='ocrx_word' id='word_1_70' title='bbox 705 2669 855 2750; x_wconf 86' lang='lat' dir='ltr'><em>Surculi</em></span> <span class='ocrx_word' id='word_1_71' title='bbox 873 2666 1046 2762; x_wconf 89' lang='lat' dir='ltr'>rotundi,</span> <span class='ocrx_word' id='word_1_72' title='bbox 1077 2668 1271 2761; x_wconf 88' lang='lat' dir='ltr'>cinerieei,</span> <span class='ocrx_word' id='word_1_73' title='bbox 1301 2693 1346 2747; x_wconf 90' lang='lat' dir='ltr'>ac</span> <span class='ocrx_word' id='word_1_74' title='bbox 1365 2666 1436 2747; x_wconf 92' lang='lat' dir='ltr'>sub</span> <span class='ocrx_word' id='word_1_75' title='bbox 1454 2666 1638 2746; x_wconf 86' lang='lat' dir='ltr'>exteriori</span> <span class='ocrx_word' id='word_1_76' title='bbox 1662 2666 1834 2748; x_wconf 77' lang='lat' dir='ltr'>cuticuli</span> <span class='ocrx_word' id='word_1_77' title='bbox 1853 2667 2008 2761; x_wconf 90' lang='lat' dir='ltr'>virides,</span> <span class='ocrx_word' id='word_1_78' title='bbox 2040 2669 2080 2750; x_wconf 91' lang='lat' dir='ltr'>in</span> <span class='ocrx_word' id='word_1_79' title='bbox 2111 2672 2220 2781; x_wconf 85' lang='lat' dir='ltr'>apice</span> <span class='ocrx_word' id='word_1_80' title='bbox 2239 2676 2309 2754; x_wconf 92' lang='lat' dir='ltr'>ubi</span> 
     </span>
     <span class='ocr_line' id='line_1_12' title="bbox 648 2777 2398 2888; baseline 0.004 -30"><span class='ocrx_word' id='word_1_81' title='bbox 648 2779 804 2860; x_wconf 89' lang='lat' dir='ltr'>novello</span> <span class='ocrx_word' id='word_1_82' title='bbox 833 2781 1009 2888; x_wconf 85' lang='lat' dir='ltr'>germine</span> <span class='ocrx_word' id='word_1_83' title='bbox 1041 2779 1301 2888; x_wconf 89' lang='lat' dir='ltr'>expullulant,</span> <span class='ocrx_word' id='word_1_84' title='bbox 1331 2778 1497 2888; x_wconf 88' lang='lat' dir='ltr'>spadicei</span> <span class='ocrx_word' id='word_1_85' title='bbox 1535 2777 1699 2862; x_wconf 89' lang='lat' dir='ltr'>coloris:</span> <span class='ocrx_word' id='word_1_86' title='bbox 1731 2779 1898 2888; x_wconf 88' lang='lat' dir='ltr'>suntque</span> <span class='ocrx_word' id='word_1_87' title='bbox 1938 2780 2101 2875; x_wconf 87' lang='lat' dir='ltr'>caudex,</span> <span class='ocrx_word' id='word_1_88' title='bbox 2133 2786 2230 2863; x_wconf 86' lang='lat' dir='ltr'>rami</span> <span class='ocrx_word' id='word_1_89' title='bbox 2263 2813 2309 2866; x_wconf 88' lang='lat' dir='ltr'>ac</span> <span class='ocrx_word' id='word_1_90' title='bbox 2395 2821 2398 2837; x_wconf 91' lang='lat'>·</span> 
     </span>
     <span class='ocr_line' id='line_1_13' title="bbox 648 2890 2163 3000; baseline 0.001 -29"><span class='ocrx_word' id='word_1_91' title='bbox 648 2890 961 2984; x_wconf 82' lang='lat' dir='ltr'>surculieortice</span> <span class='ocrx_word' id='word_1_92' title='bbox 986 2916 1146 3000; x_wconf 90' lang='lat' dir='ltr'>quoque</span> <span class='ocrx_word' id='word_1_93' title='bbox 1165 2890 1439 2998; x_wconf 87' lang='lat' dir='ltr'>adstringente.</span> <span class='ocrx_word' id='word_1_94' title='bbox 2161 2908 2163 2914; x_wconf 87' lang='grc'><strong>’</strong></span> 
     </span>
    </p>
   </div>
   <div class='ocr_carea' id='block_1_7' title="bbox 558 3022 2315 4749">
    <p class='ocr_par' dir='ltr' id='par_1_7' title="bbox 648 3022 2315 3813">
     <span class='ocr_line' id='line_1_14' title="bbox 705 3022 2310 3145; baseline 0.004 -29"><span class='ocrx_word' id='word_1_95' title='bbox 705 3037 812 3117; x_wconf 87' lang='lat' dir='ltr'>Folia</span> <span class='ocrx_word' id='word_1_96' title='bbox 830 3062 916 3143; x_wconf 89' lang='lat' dir='ltr'>quae</span> <span class='ocrx_word' id='word_1_97' title='bbox 935 3031 1031 3115; x_wconf 92' lang='lat' dir='ltr'>hinc</span> <span class='ocrx_word' id='word_1_98' title='bbox 1056 3036 1148 3115; x_wconf 90' lang='lat' dir='ltr'>inde</span> <span class='ocrx_word' id='word_1_99' title='bbox 1177 3037 1218 3115; x_wconf 92' lang='lat' dir='ltr'>in</span> <span class='ocrx_word' id='word_1_100' title='bbox 1249 3022 1409 3115; x_wconf 87' lang='lat' dir='ltr'>surculis</span> <span class='ocrx_word' id='word_1_101' title='bbox 1443 3036 1598 3145; x_wconf 87' lang='lat' dir='ltr'>petiolis</span> <span class='ocrx_word' id='word_1_102' title='bbox 1632 3034 1866 3131; x_wconf 84' lang='lat' dir='ltr'>uncialibus,</span> <span class='ocrx_word' id='word_1_103' title='bbox 1897 3033 2057 3116; x_wconf 72' lang='lat' dir='ltr'>interius</span> <span class='ocrx_word' id='word_1_104' title='bbox 2084 3038 2237 3134; x_wconf 80' lang='lat' dir='ltr'>sitiatis,</span> <span class='ocrx_word' id='word_1_105' title='bbox 2264 3043 2310 3122; x_wconf 88' lang='lat' dir='ltr'>&#39;in</span> 
     </span>
     <span class='ocr_line' id='line_1_15' title="bbox 649 3146 2312 3261; baseline 0.002 -32"><span class='ocrx_word' id='word_1_106' title='bbox 649 3147 825 3230; x_wconf 89' lang='lat' dir='ltr'>inferiori</span> <span class='ocrx_word' id='word_1_107' title='bbox 844 3164 952 3256; x_wconf 87' lang='lat' dir='ltr'>parte</span> <span class='ocrx_word' id='word_1_108' title='bbox 970 3146 1154 3227; x_wconf 89' lang='lat' dir='ltr'>nonnihil</span> <span class='ocrx_word' id='word_1_109' title='bbox 1167 3146 1488 3228; x_wconf 89' lang='lat' dir='ltr'>extuberantibus</span> <span class='ocrx_word' id='word_1_110' title='bbox 1500 3149 1736 3261; x_wconf 89' lang='lat' dir='ltr'>proveniunt</span> <span class='ocrx_word' id='word_1_111' title='bbox 1753 3149 1793 3228; x_wconf 68' lang='grc' dir='ltr'>δε</span> <span class='ocrx_word' id='word_1_112' title='bbox 1812 3147 1947 3257; x_wconf 83' lang='lat' dir='ltr'>paffim</span> <span class='ocrx_word' id='word_1_113' title='bbox 1968 3150 2121 3238; x_wconf 83' lang='lat' dir='ltr'>novello</span> <span class='ocrx_word' id='word_1_114' title='bbox 2135 3154 2312 3260; x_wconf 87' lang='lat' dir='ltr'>germine</span> 
     </span>
     <span class='ocr_line' id='line_1_16' title="bbox 649 3254 2308 3371; baseline 0 -29"><span class='ocrx_word' id='word_1_115' title='bbox 649 3258 892 3342; x_wconf 81' lang='lat' dir='ltr'>surculorum</span> <span class='ocrx_word' id='word_1_116' title='bbox 923 3260 994 3367; x_wconf 92' lang='lat' dir='ltr'>qui</span> <span class='ocrx_word' id='word_1_117' title='bbox 1030 3254 1143 3368; x_wconf 80' lang='lat' dir='ltr'>sup&#39;ra</span> <span class='ocrx_word' id='word_1_118' title='bbox 1175 3287 1312 3339; x_wconf 88' lang='lat' dir='ltr'>eorum</span> <span class='ocrx_word' id='word_1_119' title='bbox 1352 3277 1534 3338; x_wconf 86' lang='lat' dir='ltr'>exortum</span> <span class='ocrx_word' id='word_1_120' title='bbox 1575 3278 1853 3369; x_wconf 91' lang='lat' dir='ltr'>prorumpunt,</span> <span class='ocrx_word' id='word_1_121' title='bbox 1884 3263 2082 3356; x_wconf 86' lang='lat' dir='ltr'>comitata,</span> <span class='ocrx_word' id='word_1_122' title='bbox 2113 3263 2308 3371; x_wconf 90' lang='lat' dir='ltr'>oblongo·-</span> 
     </span>
     <span class='ocr_line' id='line_1_17' title="bbox 648 3367 2311 3481; baseline 0.001 -29"><span class='ocrx_word' id='word_1_123' title='bbox 648 3372 829 3464; x_wconf 88' lang='lat' dir='ltr'>rotunda,</span> <span class='ocrx_word' id='word_1_124' title='bbox 858 3367 1028 3450; x_wconf 83' lang='lat' dir='ltr'>anteriirs</span> <span class='ocrx_word' id='word_1_125' title='bbox 1056 3371 1099 3448; x_wconf 93' lang='lat' dir='ltr'>in</span> <span class='ocrx_word' id='word_1_126' title='bbox 1127 3371 1327 3481; x_wconf 86' lang='lat' dir='ltr'>cuspidem</span> <span class='ocrx_word' id='word_1_127' title='bbox 1357 3369 1572 3480; x_wconf 86' lang='lat' dir='ltr'>oblongam</span> <span class='ocrx_word' id='word_1_128' title='bbox 1602 3371 1803 3478; x_wconf 88' lang='lat' dir='ltr'>angustam</span> <span class='ocrx_word' id='word_1_129' title='bbox 1837 3375 2043 3462; x_wconf 70' lang='lat' dir='ltr'>contracta,</span> <span class='ocrx_word' id='word_1_130' title='bbox 2075 3370 2311 3480; x_wconf 90' lang='lat' dir='ltr'>spithamam</span> 
     </span>
     <span class='ocr_line' id='line_1_18' title="bbox 648 3480 2309 3593; baseline -0.001 -26"><span class='ocrx_word' id='word_1_131' title='bbox 648 3488 691 3567; x_wconf 84' lang='lat'>&amp;</span> <span class='ocrx_word' id='word_1_132' title='bbox 707 3483 877 3593; x_wconf 91' lang='lat' dir='ltr'>amplius</span> <span class='ocrx_word' id='word_1_133' title='bbox 892 3483 1033 3589; x_wconf 88' lang='lat' dir='ltr'>longa,</span> <span class='ocrx_word' id='word_1_134' title='bbox 1063 3483 1269 3561; x_wconf 88' lang='lat' dir='ltr'>latitudine</span> <span class='ocrx_word' id='word_1_135' title='bbox 1294 3500 1462 3587; x_wconf 90' lang='lat' dir='ltr'>quatuor</span> <span class='ocrx_word' id='word_1_136' title='bbox 1490 3482 1713 3585; x_wconf 90' lang='lat' dir='ltr'>quinqueve</span> <span class='ocrx_word' id='word_1_137' title='bbox 1750 3480 1941 3589; x_wconf 90' lang='lat' dir='ltr'>pollicum</span> <span class='ocrx_word' id='word_1_138' title='bbox 1972 3500 2202 3563; x_wconf 86' lang='lat' dir='ltr'>contextura</span> <span class='ocrx_word' id='word_1_139' title='bbox 2232 3486 2309 3565; x_wconf 85' lang='lat' dir='ltr'>du·</span> 
     </span>
     <span class='ocr_line' id='line_1_19' title="bbox 650 3588 2315 3701; baseline 0.001 -24"><span class='ocrx_word' id='word_1_140' title='bbox 650 3596 761 3690; x_wconf 83' lang='lat' dir='ltr'>riola,</span> <span class='ocrx_word' id='word_1_141' title='bbox 793 3591 992 3701; x_wconf 87' lang='lat' dir='ltr'>superficie</span> <span class='ocrx_word' id='word_1_142' title='bbox 1015 3590 1189 3701; x_wconf 86' lang='lat' dir='ltr'>plana&amp;</span> <span class='ocrx_word' id='word_1_143' title='bbox 1207 3592 1337 3685; x_wconf 84' lang='lat' dir='ltr'>lenia,</span> <span class='ocrx_word' id='word_1_144' title='bbox 1367 3590 1502 3670; x_wconf 90' lang='lat' dir='ltr'>viroris</span> <span class='ocrx_word' id='word_1_145' title='bbox 1521 3591 1566 3669; x_wconf 88' lang='lat' dir='ltr'>in</span> <span class='ocrx_word' id='word_1_146' title='bbox 1590 3592 1691 3669; x_wconf 75' lang='lat' dir='ltr'>resia</span> <span class='ocrx_word' id='word_1_147' title='bbox 1709 3588 1807 3670; x_wconf 86' lang='lat' dir='ltr'>susci</span> <span class='ocrx_word' id='word_1_148' title='bbox 1835 3594 1875 3671; x_wconf 75' lang='lat' dir='ltr'>se</span> <span class='ocrx_word' id='word_1_149' title='bbox 1895 3592 2069 3689; x_wconf 88' lang='lat' dir='ltr'>nitentis,</span> <span class='ocrx_word' id='word_1_150' title='bbox 2100 3597 2142 3675; x_wconf 93' lang='lat' dir='ltr'>in</span> <span class='ocrx_word' id='word_1_151' title='bbox 2161 3596 2315 3681; x_wconf 85' lang='lat' dir='ltr'>adversa</span> 
     </span>
     <span class='ocr_line' id='line_1_20' title="bbox 649 3702 1274 3813; baseline -0.011 -24"><span class='ocrx_word' id='word_1_152' title='bbox 649 3707 771 3789; x_wconf 86' lang='lat' dir='ltr'>clari:</span> <span class='ocrx_word' id='word_1_153' title='bbox 804 3703 946 3813; x_wconf 89' lang='lat' dir='ltr'>saporis</span> <span class='ocrx_word' id='word_1_154' title='bbox 966 3704 1086 3783; x_wconf 90' lang='lat' dir='ltr'>amari</span> <span class='ocrx_word' id='word_1_155' title='bbox 1104 3705 1145 3783; x_wconf 74' lang='grc' dir='ltr'>δι</span> <span class='ocrx_word' id='word_1_156' title='bbox 1162 3702 1274 3784; x_wconf 90' lang='lat' dir='ltr'>acris.</span> 
     </span>
    </p>

    <p class='ocr_par' dir='ltr' id='par_1_8' title="bbox 558 3842 2314 4749">
     <span class='ocr_line' id='line_1_21' title="bbox 705 3842 2312 3951; baseline 0.004 -23"><span class='ocrx_word' id='word_1_157' title='bbox 705 3848 770 3928; x_wconf 90' lang='lat' dir='ltr'>Ex</span> <span class='ocrx_word' id='word_1_158' title='bbox 792 3844 896 3927; x_wconf 89' lang='lat' dir='ltr'>costa</span> <span class='ocrx_word' id='word_1_159' title='bbox 913 3843 1055 3938; x_wconf 89' lang='lat' dir='ltr'>media,</span> <span class='ocrx_word' id='word_1_160' title='bbox 1086 3870 1173 3951; x_wconf 82' lang='lat' dir='ltr'>qua</span> <span class='ocrx_word' id='word_1_161' title='bbox 1202 3842 1318 3923; x_wconf 73' lang='lat' dir='ltr'>crassa</span> <span class='ocrx_word' id='word_1_162' title='bbox 1349 3843 1418 3939; x_wconf 90' lang='lat' dir='ltr'>est,</span> <span class='ocrx_word' id='word_1_163' title='bbox 1448 3846 1556 3925; x_wconf 87' lang='lat' dir='ltr'>&amp;in</span> <span class='ocrx_word' id='word_1_164' title='bbox 1586 3844 1736 3925; x_wconf 85' lang='lat' dir='ltr'>adversa</span> <span class='ocrx_word' id='word_1_165' title='bbox 1761 3844 1837 3928; x_wconf 72' lang='lat' dir='ltr'>alte</span> <span class='ocrx_word' id='word_1_166' title='bbox 1859 3848 2050 3944; x_wconf 88' lang='lat' dir='ltr'>eminens,</span> <span class='ocrx_word' id='word_1_167' title='bbox 2080 3878 2124 3930; x_wconf 90' lang='lat' dir='ltr'>ac</span> <span class='ocrx_word' id='word_1_168' title='bbox 2145 3854 2312 3936; x_wconf 89' lang='lat' dir='ltr'>tenuiter</span> 
     </span>
     <span class='ocr_line' id='line_1_22' title="bbox 648 3953 2310 4065; baseline 0.003 -24"><span class='ocrx_word' id='word_1_169' title='bbox 648 3962 691 4041; x_wconf 91' lang='lat' dir='ltr'>in</span> <span class='ocrx_word' id='word_1_170' title='bbox 711 3962 812 4038; x_wconf 71' lang='lat' dir='ltr'>resta</span> <span class='ocrx_word' id='word_1_171' title='bbox 831 3956 943 4065; x_wconf 70' lang='lat' dir='ltr'>Cestae</span> <span class='ocrx_word' id='word_1_172' title='bbox 974 3953 1140 4063; x_wconf 93' lang='lat' dir='ltr'>obliquo</span> <span class='ocrx_word' id='word_1_173' title='bbox 1158 3958 1198 4034; x_wconf 73' lang='grc' dir='ltr'>δι</span> <span class='ocrx_word' id='word_1_174' title='bbox 1217 3955 1401 4065; x_wconf 85' lang='lat' dir='ltr'>parallelo</span> <span class='ocrx_word' id='word_1_175' title='bbox 1420 3956 1541 4037; x_wconf 73' lang='lat' dir='ltr'>dustu</span> <span class='ocrx_word' id='word_1_176' title='bbox 1561 3958 1750 4037; x_wconf 88' lang='lat' dir='ltr'>anteriora</span> <span class='ocrx_word' id='word_1_177' title='bbox 1768 3960 1894 4039; x_wconf 90' lang='lat' dir='ltr'>versus</span> <span class='ocrx_word' id='word_1_178' title='bbox 1914 3971 2072 4054; x_wconf 89' lang='lat' dir='ltr'>ex&#39;eunt,</span> <span class='ocrx_word' id='word_1_179' title='bbox 2104 3990 2147 4041; x_wconf 89' lang='lat' dir='ltr'>ac</span> <span class='ocrx_word' id='word_1_180' title='bbox 2163 3967 2185 4043; x_wconf 76' lang='lat' dir='ltr'>a</span> <span class='ocrx_word' id='word_1_181' title='bbox 2204 3995 2310 4045; x_wconf 89' lang='lat' dir='ltr'>mar-</span> 
     </span>
     <span class='ocr_line' id='line_1_23' title="bbox 650 4066 2311 4180; baseline 0.006 -32"><span class='ocrx_word' id='word_1_182' title='bbox 650 4072 741 4180; x_wconf 82' lang='lat' dir='ltr'>gine</span> <span class='ocrx_word' id='word_1_183' title='bbox 767 4068 916 4148; x_wconf 87' lang='lat' dir='ltr'>reflexae</span> <span class='ocrx_word' id='word_1_184' title='bbox 935 4068 1123 4146; x_wconf 85' lang='lat' dir='ltr'>arcuatim</span> <span class='ocrx_word' id='word_1_185' title='bbox 1143 4066 1185 4145; x_wconf 90' lang='lat' dir='ltr'>in</span> <span class='ocrx_word' id='word_1_186' title='bbox 1206 4066 1241 4145; x_wconf 90' lang='lat' dir='ltr'>se</span> <span class='ocrx_word' id='word_1_187' title='bbox 1260 4066 1430 4147; x_wconf 90' lang='lat' dir='ltr'>invicem</span> <span class='ocrx_word' id='word_1_188' title='bbox 1450 4070 1670 4162; x_wconf 89' lang='lat' dir='ltr'>incurrunt,</span> <span class='ocrx_word' id='word_1_189' title='bbox 1688 4071 1846 4149; x_wconf 89' lang='lat' dir='ltr'>venulas</span> <span class='ocrx_word' id='word_1_190' title='bbox 1866 4072 2074 4151; x_wconf 87' lang='lat' dir='ltr'>nonnullas</span> <span class='ocrx_word' id='word_1_191' title='bbox 2089 4076 2311 4159; x_wconf 89' lang='lat' dir='ltr'>transversas</span> 
     </span>
     <span class='ocr_line' id='line_1_24' title="bbox 649 4176 2314 4299; baseline 0.005 -38"><span class='ocrx_word' id='word_1_192' title='bbox 649 4208 700 4261; x_wconf 91' lang='lat' dir='ltr'>ex</span> <span class='ocrx_word' id='word_1_193' title='bbox 724 4179 761 4260; x_wconf 91' lang='lat' dir='ltr'>se</span> <span class='ocrx_word' id='word_1_194' title='bbox 780 4178 1066 4275; x_wconf 54' lang='lat' dir='ltr'>distribuentes</span> <span class='ocrx_word' id='word_1_195' title='bbox 1087 4179 1192 4258; x_wconf 91' lang='lat' dir='ltr'>acin</span> <span class='ocrx_word' id='word_1_196' title='bbox 1213 4178 1363 4258; x_wconf 87' lang='lat' dir='ltr'>adversa</span> <span class='ocrx_word' id='word_1_197' title='bbox 1381 4176 1507 4261; x_wconf 83' lang='lat' dir='ltr'>solirm</span> <span class='ocrx_word' id='word_1_198' title='bbox 1553 4200 1634 4259; x_wconf 81' lang='lat' dir='ltr'>arte</span> <span class='ocrx_word' id='word_1_199' title='bbox 1660 4180 1889 4277; x_wconf 83' lang='lat' dir='ltr'>eminentes,</span> <span class='ocrx_word' id='word_1_200' title='bbox 1911 4182 1950 4261; x_wconf 71' lang='lat' dir='ltr'>sc</span> <span class='ocrx_word' id='word_1_201' title='bbox 1976 4184 2017 4261; x_wconf 91' lang='lat' dir='ltr'>in</span> <span class='ocrx_word' id='word_1_202' title='bbox 2038 4186 2138 4263; x_wconf 75' lang='lat' dir='ltr'>recta</span> <span class='ocrx_word' id='word_1_203' title='bbox 2156 4186 2314 4299; x_wconf 87' lang='lat' dir='ltr'>vestigia</span> 
     </span>
     <span class='ocr_line' id='line_1_25' title="bbox 650 4208 2313 4400; baseline 0.005 -25"><span class='ocrx_word' id='word_1_204' title='bbox 650 4294 847 4375; x_wconf 71' lang='lat' dir='ltr'>trasiuum</span> <span class='ocrx_word' id='word_1_205' title='bbox 885 4290 1176 4400; x_wconf 57' lang='lat' dir='ltr'>exprimentem</span> <span class='ocrx_word' id='word_1_206' title='bbox 1206 4289 1254 4369; x_wconf 89' lang='lat' dir='ltr'>ad</span> <span class='ocrx_word' id='word_1_207' title='bbox 1295 4309 1476 4371; x_wconf 82' lang='lat' dir='ltr'>exortum</span> <span class='ocrx_word' id='word_1_208' title='bbox 1516 4208 1706 4371; x_wconf 65' lang='lat' dir='ltr'>liliorum</span> <span class='ocrx_word' id='word_1_209' title='bbox 1749 4312 1883 4375; x_wconf 87' lang='lat' dir='ltr'>cortex</span> <span class='ocrx_word' id='word_1_210' title='bbox 1921 4292 2163 4376; x_wconf 88' lang='lat' dir='ltr'>surculorum</span> <span class='ocrx_word' id='word_1_211' title='bbox 2203 4306 2313 4385; x_wconf 89' lang='lat' dir='ltr'>tenui</span> 
     </span>
     <span class='ocr_line' id='line_1_26' title="bbox 649 4398 2312 4522; baseline 0.006 -39"><span class='ocrx_word' id='word_1_212' title='bbox 649 4404 789 4498; x_wconf 85' lang='lat' dir='ltr'>fissura,</span> <span class='ocrx_word' id='word_1_213' title='bbox 820 4430 907 4511; x_wconf 82' lang='lat' dir='ltr'>quae</span> <span class='ocrx_word' id='word_1_214' title='bbox 935 4402 1104 4509; x_wconf 85' lang='lat' dir='ltr'>obliquo</span> <span class='ocrx_word' id='word_1_215' title='bbox 1119 4400 1272 4479; x_wconf 89' lang='lat' dir='ltr'>ambitu</span> <span class='ocrx_word' id='word_1_216' title='bbox 1290 4401 1358 4495; x_wconf 90' lang='lat' dir='ltr'>est,</span> <span class='ocrx_word' id='word_1_217' title='bbox 1388 4398 1485 4496; x_wconf 89' lang='lat' dir='ltr'>hiat,</span> <span class='ocrx_word' id='word_1_218' title='bbox 1516 4430 1560 4481; x_wconf 91' lang='lat' dir='ltr'>ac</span> <span class='ocrx_word' id='word_1_219' title='bbox 1579 4430 1648 4513; x_wconf 90' lang='lat' dir='ltr'>per</span> <span class='ocrx_word' id='word_1_220' title='bbox 1666 4430 1752 4483; x_wconf 87' lang='lat' dir='ltr'>eam</span> <span class='ocrx_word' id='word_1_221' title='bbox 1771 4424 1904 4485; x_wconf 88' lang='lat' dir='ltr'>cortex</span> <span class='ocrx_word' id='word_1_222' title='bbox 1918 4405 2079 4485; x_wconf 86' lang='lat' dir='ltr'>inferior</span> <span class='ocrx_word' id='word_1_223' title='bbox 2097 4410 2165 4517; x_wconf 90' lang='lat' dir='ltr'>qui</span> <span class='ocrx_word' id='word_1_224' title='bbox 2187 4416 2312 4522; x_wconf 84' lang='lat' dir='ltr'>magis</span> 
     </span>
     <span class='ocr_line' id='line_1_27' title="bbox 648 4509 2312 4627; baseline 0.005 -28"><span class='ocrx_word' id='word_1_225' title='bbox 648 4513 882 4599; x_wconf 82' lang='lat' dir='ltr'>extuberans</span> <span class='ocrx_word' id='word_1_226' title='bbox 910 4510 977 4606; x_wconf 89' lang='lat' dir='ltr'>est,</span> <span class='ocrx_word' id='word_1_227' title='bbox 1008 4509 1031 4592; x_wconf 69' lang='lat' dir='ltr'>t</span> <span class='ocrx_word' id='word_1_228' title='bbox 1059 4512 1241 4621; x_wconf 85' lang='lat' dir='ltr'>superiori</span> <span class='ocrx_word' id='word_1_229' title='bbox 1271 4514 1420 4592; x_wconf 88' lang='lat' dir='ltr'>cortice</span> <span class='ocrx_word' id='word_1_230' title='bbox 1441 4512 1770 4625; x_wconf 86' lang='lat' dir='ltr'>interstinguitur,</span> <span class='ocrx_word' id='word_1_231' title='bbox 1800 4517 1968 4627; x_wconf 83' lang='lat' dir='ltr'>suntque</span> <span class='ocrx_word' id='word_1_232' title='bbox 1989 4516 2084 4598; x_wconf 89' lang='lat' dir='ltr'>folia</span> <span class='ocrx_word' id='word_1_233' title='bbox 2113 4548 2207 4601; x_wconf 90' lang='lat' dir='ltr'>cunr</span> <span class='ocrx_word' id='word_1_234' title='bbox 2236 4524 2312 4609; x_wconf 90' lang='lat' dir='ltr'>suis</span> 
     </span>
     <span class='ocr_line' id='line_1_28' title="bbox 558 4622 1630 4749; baseline -0.003 -40"><span class='ocrx_word' id='word_1_235' title='bbox 558 4635 562 4643; x_wconf 87' lang='lat'>&#39;</span> <span class='ocrx_word' id='word_1_236' title='bbox 648 4626 805 4749; x_wconf 85' lang='lat' dir='ltr'>petiolis</span> <span class='ocrx_word' id='word_1_237' title='bbox 825 4652 874 4705; x_wconf 92' lang='lat' dir='ltr'>ex</span> <span class='ocrx_word' id='word_1_238' title='bbox 892 4624 1077 4736; x_wconf 89' lang='lat' dir='ltr'>superiori</span> <span class='ocrx_word' id='word_1_239' title='bbox 1095 4642 1204 4731; x_wconf 89' lang='lat' dir='ltr'>parte</span> <span class='ocrx_word' id='word_1_240' title='bbox 1231 4622 1367 4704; x_wconf 78' lang='lat' dir='ltr'>fissura</span> <span class='ocrx_word' id='word_1_241' title='bbox 1385 4626 1630 4734; x_wconf 88' lang='lat' dir='ltr'>prodeuntia.</span> 
     </span>
    </p>
   </div>
   <div class='ocr_carea' id='block_1_8' title="bbox 560 4761 2354 5768">
    <p class='ocr_par' dir='ltr' id='par_1_9' title="bbox 560 4761 2354 5768">
     <span class='ocr_line' id='line_1_29' title="bbox 706 4761 2310 4876; baseline -0.003 -25"><span class='ocrx_word' id='word_1_242' title='bbox 706 4772 847 4862; x_wconf 78' lang='lat' dir='ltr'>Floret,</span> <span class='ocrx_word' id='word_1_243' title='bbox 878 4766 948 4875; x_wconf 91' lang='lat' dir='ltr'>qui</span> <span class='ocrx_word' id='word_1_244' title='bbox 978 4764 1020 4843; x_wconf 92' lang='lat' dir='ltr'>in</span> <span class='ocrx_word' id='word_1_245' title='bbox 1051 4763 1272 4843; x_wconf 88' lang='lat' dir='ltr'>summitate</span> <span class='ocrx_word' id='word_1_246' title='bbox 1292 4761 1537 4843; x_wconf 90' lang='lat' dir='ltr'>surculorum</span> <span class='ocrx_word' id='word_1_247' title='bbox 1567 4761 1679 4876; x_wconf 91' lang='lat' dir='ltr'>supra</span> <span class='ocrx_word' id='word_1_248' title='bbox 1706 4792 1754 4843; x_wconf 90' lang='lat' dir='ltr'>ex</span> <span class='ocrx_word' id='word_1_249' title='bbox 1785 4765 1934 4873; x_wconf 86' lang='lat' dir='ltr'>origine</span> <span class='ocrx_word' id='word_1_250' title='bbox 1962 4764 2150 4846; x_wconf 91' lang='lat' dir='ltr'>foliorum</span> <span class='ocrx_word' id='word_1_251' title='bbox 2169 4767 2310 4861; x_wconf 81' lang='lat' dir='ltr'>crassis,</span> 
     </span>
     <span class='ocr_line' id='line_1_30' title="bbox 649 4873 2310 4987; baseline -0.003 -25"><span class='ocrx_word' id='word_1_252' title='bbox 649 4874 1048 4969; x_wconf 87' lang='lat' dir='ltr'>subflavo-viridibus,</span> <span class='ocrx_word' id='word_1_253' title='bbox 1076 4874 1247 4967; x_wconf 90' lang='lat' dir='ltr'>lenibus,</span> <span class='ocrx_word' id='word_1_254' title='bbox 1268 4873 1441 4955; x_wconf 74' lang='lat' dir='ltr'>surresiis</span> <span class='ocrx_word' id='word_1_255' title='bbox 1466 4903 1511 4955; x_wconf 92' lang='lat' dir='ltr'>ac</span> <span class='ocrx_word' id='word_1_256' title='bbox 1531 4873 1873 4983; x_wconf 87' lang='lat' dir='ltr'>sesquiuncialibus</span> <span class='ocrx_word' id='word_1_257' title='bbox 1889 4878 2043 4986; x_wconf 91' lang='lat' dir='ltr'>petiolis</span> <span class='ocrx_word' id='word_1_258' title='bbox 2063 4879 2310 4987; x_wconf 92' lang='lat' dir='ltr'>proveniunt,</span> 
     </span>
     <span class='ocr_line' id='line_1_31' title="bbox 650 4984 2343 5099; baseline -0.002 -27"><span class='ocrx_word' id='word_1_259' title='bbox 650 4992 741 5072; x_wconf 91' lang='lat' dir='ltr'>sunt</span> <span class='ocrx_word' id='word_1_260' title='bbox 755 4990 860 5072; x_wconf 88' lang='lat' dir='ltr'>acuti</span> <span class='ocrx_word' id='word_1_261' title='bbox 878 5016 922 5068; x_wconf 88' lang='lat' dir='ltr'>ac</span> <span class='ocrx_word' id='word_1_262' title='bbox 941 4988 1144 5095; x_wconf 87' lang='lat' dir='ltr'>fragrantis</span> <span class='ocrx_word' id='word_1_263' title='bbox 1163 4986 1308 5080; x_wconf 90' lang='lat' dir='ltr'>odoris,</span> <span class='ocrx_word' id='word_1_264' title='bbox 1338 4986 1593 5095; x_wconf 88' lang='lat' dir='ltr'>constantque</span> <span class='ocrx_word' id='word_1_265' title='bbox 1609 4986 1716 5067; x_wconf 84' lang='lat' dir='ltr'>foliis</span> <span class='ocrx_word' id='word_1_266' title='bbox 1743 4984 2124 5099; x_wconf 87' lang='lat' dir='ltr'>oblongo-angustis,</span> <span class='ocrx_word' id='word_1_267' title='bbox 2156 5018 2243 5097; x_wconf 83' lang='lat' dir='ltr'>qua</span> <span class='ocrx_word' id='word_1_268' title='bbox 2261 4992 2311 5069; x_wconf 86' lang='lat' dir='ltr'>-in</span> <span class='ocrx_word' id='word_1_269' title='bbox 2339 5070 2343 5079; x_wconf 82' lang='grc'>,</span> 
     </span>
     <span class='ocr_line' id='line_1_32' title="bbox 648 5098 2311 5214; baseline -0.001 -29"><span class='ocrx_word' id='word_1_270' title='bbox 648 5102 796 5214; x_wconf 91' lang='lat' dir='ltr'>triplici</span> <span class='ocrx_word' id='word_1_271' title='bbox 825 5098 961 5182; x_wconf 87' lang='lat' dir='ltr'>ordine</span> <span class='ocrx_word' id='word_1_272' title='bbox 988 5098 1109 5206; x_wconf 88' lang='lat' dir='ltr'>posita</span> <span class='ocrx_word' id='word_1_273' title='bbox 1125 5100 1228 5191; x_wconf 91' lang='lat' dir='ltr'>sunt,</span> <span class='ocrx_word' id='word_1_274' title='bbox 1259 5125 1430 5207; x_wconf 86' lang='lat' dir='ltr'>quorum</span> <span class='ocrx_word' id='word_1_275' title='bbox 1449 5128 1536 5207; x_wconf 85' lang='lat' dir='ltr'>quae</span> <span class='ocrx_word' id='word_1_276' title='bbox 1556 5100 1598 5180; x_wconf 92' lang='lat' dir='ltr'>in</span> <span class='ocrx_word' id='word_1_277' title='bbox 1617 5098 1798 5179; x_wconf 89' lang='lat' dir='ltr'>exteriori</span> <span class='ocrx_word' id='word_1_278' title='bbox 1827 5100 1962 5183; x_wconf 90' lang='lat' dir='ltr'>ordine</span> <span class='ocrx_word' id='word_1_279' title='bbox 1981 5102 2083 5194; x_wconf 90' lang='lat' dir='ltr'>sunt,</span> <span class='ocrx_word' id='word_1_280' title='bbox 2114 5104 2204 5179; x_wconf 77' lang='lat' dir='ltr'>osio</span> <span class='ocrx_word' id='word_1_281' title='bbox 2220 5102 2311 5212; x_wconf 90' lang='lat' dir='ltr'>plus</span> 
     </span>
     <span class='ocr_line' id='line_1_33' title="bbox 649 5206 2311 5319; baseline -0.004 -20"><span class='ocrx_word' id='word_1_282' title='bbox 649 5218 784 5299; x_wconf 86' lang='lat' dir='ltr'>minus</span> <span class='ocrx_word' id='word_1_283' title='bbox 820 5208 1025 5294; x_wconf 87' lang='lat' dir='ltr'>latitudine</span> <span class='ocrx_word' id='word_1_284' title='bbox 1053 5206 1176 5289; x_wconf 89' lang='lat' dir='ltr'>ferme</span> <span class='ocrx_word' id='word_1_285' title='bbox 1206 5209 1320 5319; x_wconf 88' lang='lat' dir='ltr'>tripla</span> <span class='ocrx_word' id='word_1_286' title='bbox 1344 5210 1406 5305; x_wconf 91' lang='lat' dir='ltr'>iis,</span> <span class='ocrx_word' id='word_1_287' title='bbox 1438 5238 1526 5319; x_wconf 87' lang='lat' dir='ltr'>quae</span> <span class='ocrx_word' id='word_1_288' title='bbox 1563 5213 1605 5291; x_wconf 90' lang='lat' dir='ltr'>in</span> <span class='ocrx_word' id='word_1_289' title='bbox 1636 5210 1803 5291; x_wconf 88' lang='lat' dir='ltr'>secundo</span> <span class='ocrx_word' id='word_1_290' title='bbox 1833 5206 2009 5291; x_wconf 90' lang='lat' dir='ltr'>interiori</span> <span class='ocrx_word' id='word_1_291' title='bbox 2033 5212 2168 5291; x_wconf 90' lang='lat' dir='ltr'>ordine</span> <span class='ocrx_word' id='word_1_292' title='bbox 2192 5216 2311 5293; x_wconf 88' lang='lat' dir='ltr'>etiam</span> 
     </span>
     <span class='ocr_line' id='line_1_34' title="bbox 648 5314 2313 5437; baseline -0.005 -27"><span class='ocrx_word' id='word_1_293' title='bbox 648 5332 738 5410; x_wconf 81' lang='lat' dir='ltr'>ooo</span> <span class='ocrx_word' id='word_1_294' title='bbox 757 5326 847 5437; x_wconf 91' lang='lat' dir='ltr'>plus</span> <span class='ocrx_word' id='word_1_295' title='bbox 865 5324 997 5405; x_wconf 72' lang='lat' dir='ltr'>nunus</span> <span class='ocrx_word' id='word_1_296' title='bbox 1026 5320 1129 5415; x_wconf 88' lang='lat' dir='ltr'>sunt,</span> <span class='ocrx_word' id='word_1_297' title='bbox 1159 5349 1203 5400; x_wconf 93' lang='lat' dir='ltr'>ac</span> <span class='ocrx_word' id='word_1_298' title='bbox 1221 5321 1347 5405; x_wconf 84' lang='lat' dir='ltr'>versus</span> <span class='ocrx_word' id='word_1_299' title='bbox 1377 5322 1644 5403; x_wconf 89' lang='lat' dir='ltr'>summitatem</span> <span class='ocrx_word' id='word_1_300' title='bbox 1663 5322 1884 5403; x_wconf 88' lang='lat' dir='ltr'>rotundiola</span> <span class='ocrx_word' id='word_1_301' title='bbox 1911 5327 1950 5405; x_wconf 79' lang='lat' dir='ltr'>be</span> <span class='ocrx_word' id='word_1_302' title='bbox 1977 5314 2159 5403; x_wconf 87' lang='lat' dir='ltr'>nonnihil</span> <span class='ocrx_word' id='word_1_303' title='bbox 2180 5325 2313 5435; x_wconf 69' lang='lat' dir='ltr'>cuspis</span> 
     </span>
     <span class='ocr_line' id='line_1_35' title="bbox 560 5432 2354 5547; baseline -0.002 -30"><span class='ocrx_word' id='word_1_304' title='bbox 560 5534 573 5547; x_wconf 28' lang='grc' dir='ltr'><strong><em>ο</em></strong></span> <span class='ocrx_word' id='word_1_305' title='bbox 647 5440 750 5532; x_wconf 81' lang='lat' dir='ltr'>data,</span> <span class='ocrx_word' id='word_1_306' title='bbox 779 5464 866 5547; x_wconf 82' lang='lat' dir='ltr'>quae</span> <span class='ocrx_word' id='word_1_307' title='bbox 885 5433 1121 5525; x_wconf 89' lang='lat' dir='ltr'>insecundo</span> <span class='ocrx_word' id='word_1_308' title='bbox 1145 5432 1282 5511; x_wconf 88' lang='lat' dir='ltr'>ordine</span> <span class='ocrx_word' id='word_1_309' title='bbox 1299 5437 1423 5545; x_wconf 87' lang='lat' dir='ltr'>magis</span> <span class='ocrx_word' id='word_1_310' title='bbox 1442 5435 1652 5545; x_wconf 90' lang='lat' dir='ltr'>cuspidata,</span> <span class='ocrx_word' id='word_1_311' title='bbox 1684 5462 1769 5543; x_wconf 86' lang='lat' dir='ltr'>quae</span> <span class='ocrx_word' id='word_1_312' title='bbox 1788 5436 1830 5514; x_wconf 90' lang='lat' dir='ltr'>in</span> <span class='ocrx_word' id='word_1_313' title='bbox 1851 5436 1964 5515; x_wconf 89' lang='lat' dir='ltr'>tertio</span> <span class='ocrx_word' id='word_1_314' title='bbox 1982 5436 2118 5515; x_wconf 90' lang='lat' dir='ltr'>ordine</span> <span class='ocrx_word' id='word_1_315' title='bbox 2136 5436 2308 5545; x_wconf 89' lang='lat' dir='ltr'>parvula,</span> <span class='ocrx_word' id='word_1_316' title='bbox 2348 5520 2354 5535; x_wconf 34' lang='lat'><strong><em>¹</em></strong></span> 
     </span>
     <span class='ocr_line' id='line_1_36' title="bbox 648 5545 2309 5658; baseline -0.004 -27"><span class='ocrx_word' id='word_1_317' title='bbox 648 5550 792 5643; x_wconf 91' lang='lat' dir='ltr'>brevia,</span> <span class='ocrx_word' id='word_1_318' title='bbox 822 5548 948 5628; x_wconf 91' lang='lat' dir='ltr'>versus</span> <span class='ocrx_word' id='word_1_319' title='bbox 982 5545 1250 5628; x_wconf 90' lang='lat' dir='ltr'>summitatem</span> <span class='ocrx_word' id='word_1_320' title='bbox 1278 5549 1451 5625; x_wconf 88' lang='lat' dir='ltr'>maxime</span> <span class='ocrx_word' id='word_1_321' title='bbox 1483 5545 1693 5658; x_wconf 87' lang='lat' dir='ltr'>cuspidata,</span> <span class='ocrx_word' id='word_1_322' title='bbox 1725 5546 1985 5640; x_wconf 89' lang='lat' dir='ltr'>flavo-diluta,</span> <span class='ocrx_word' id='word_1_323' title='bbox 2015 5574 2059 5627; x_wconf 92' lang='lat' dir='ltr'>ac</span> <span class='ocrx_word' id='word_1_324' title='bbox 2097 5548 2204 5626; x_wconf 89' lang='lat' dir='ltr'>velut</span> <span class='ocrx_word' id='word_1_325' title='bbox 2233 5546 2309 5626; x_wconf 88' lang='lat' dir='ltr'>sta-</span> 
     </span>
     <span class='ocr_line' id='line_1_37' title="bbox 649 5656 2310 5768; baseline -0.001 -27"><span class='ocrx_word' id='word_1_326' title='bbox 649 5662 759 5741; x_wconf 90' lang='lat' dir='ltr'>mina</span> <span class='ocrx_word' id='word_1_327' title='bbox 793 5659 976 5752; x_wconf 82' lang='lat' dir='ltr'>crasliola,</span> <span class='ocrx_word' id='word_1_328' title='bbox 1006 5656 1168 5737; x_wconf 87' lang='lat' dir='ltr'>inferius</span> <span class='ocrx_word' id='word_1_329' title='bbox 1209 5657 1574 5739; x_wconf 87' lang='lat' dir='ltr'>circumambientia</span> <span class='ocrx_word' id='word_1_330' title='bbox 1601 5658 1745 5768; x_wconf 75' lang='lat' dir='ltr'>stylum</span> <span class='ocrx_word' id='word_1_331' title='bbox 1774 5660 1952 5752; x_wconf 81' lang='lat' dir='ltr'>crassum,</span> <span class='ocrx_word' id='word_1_332' title='bbox 1983 5660 2067 5766; x_wconf 88' lang='lat' dir='ltr'>qni,</span> <span class='ocrx_word' id='word_1_333' title='bbox 2096 5660 2138 5737; x_wconf 91' lang='lat' dir='ltr'>in</span> <span class='ocrx_word' id='word_1_334' title='bbox 2178 5658 2310 5739; x_wconf 92' lang='lat' dir='ltr'>medio</span> 
     </span>
    </p>
   </div>
   <div class='ocr_carea' id='block_1_9' title="bbox 513 5768 2310 5885">
    <p class='ocr_par' dir='ltr' id='par_1_10' title="bbox 513 5768 2310 5885">
     <span class='ocr_line' id='line_1_38' title="bbox 513 5768 2310 5885; baseline 0.001 -36"><span class='ocrx_word' id='word_1_335' title='bbox 513 5814 517 5822; x_wconf 67' lang='grc'><strong>»</strong></span> <span class='ocrx_word' id='word_1_336' title='bbox 650 5772 876 5885; x_wconf 90' lang='lat' dir='ltr'>pedunculo</span> <span class='ocrx_word' id='word_1_337' title='bbox 902 5768 1070 5850; x_wconf 90' lang='lat' dir='ltr'>rotundo</span> <span class='ocrx_word' id='word_1_338' title='bbox 1101 5768 1284 5879; x_wconf 70' lang='lat' dir='ltr'>exsurgit,</span> <span class='ocrx_word' id='word_1_339' title='bbox 1316 5796 1358 5848; x_wconf 91' lang='lat' dir='ltr'>ac</span> <span class='ocrx_word' id='word_1_340' title='bbox 1390 5768 1584 5881; x_wconf 87' lang='lat' dir='ltr'>superiora</span> <span class='ocrx_word' id='word_1_341' title='bbox 1612 5770 1737 5852; x_wconf 85' lang='lat' dir='ltr'>versus</span> <span class='ocrx_word' id='word_1_342' title='bbox 1771 5768 1954 5851; x_wconf 92' lang='lat' dir='ltr'>nonnihil</span> <span class='ocrx_word' id='word_1_343' title='bbox 1988 5770 2147 5852; x_wconf 84' lang='lat' dir='ltr'>conitus</span> <span class='ocrx_word' id='word_1_344' title='bbox 2170 5770 2238 5863; x_wconf 89' lang='lat' dir='ltr'>est,</span> <span class='ocrx_word' id='word_1_345' title='bbox 2270 5772 2310 5851; x_wconf 69' lang='lat' dir='ltr'>bl</span> 
     </span>
    </p>
   </div>
   <div class='ocr_carea' id='block_1_10' title="bbox 650 5880 2310 6105">
    <p class='ocr_par' dir='ltr' id='par_1_11' title="bbox 650 5880 2310 6105">
     <span class='ocr_line' id='line_1_39' title="bbox 650 5880 2307 6076; baseline -0.002 -109"><span class='ocrx_word' id='word_1_346' title='bbox 650 5883 781 6000; x_wconf 88' lang='lat' dir='ltr'>spicis,</span> <span class='ocrx_word' id='word_1_347' title='bbox 822 5884 962 5994; x_wconf 87' lang='lat' dir='ltr'>parvis,</span> <span class='ocrx_word' id='word_1_348' title='bbox 1002 5882 1209 5980; x_wconf 87' lang='lat' dir='ltr'>viridibus,</span> <span class='ocrx_word' id='word_1_349' title='bbox 1256 5880 1452 5979; x_wconf 87' lang='lat' dir='ltr'>craffiolis,</span> <span class='ocrx_word' id='word_1_350' title='bbox 1501 5883 1708 5996; x_wconf 90' lang='lat' dir='ltr'>cuspidatis</span> <span class='ocrx_word' id='word_1_351' title='bbox 1746 5881 1982 5965; x_wconf 89' lang='lat' dir='ltr'>scutellatim</span> <span class='ocrx_word' id='word_1_352' title='bbox 2019 5882 2307 6076; x_wconf 61' lang='lat' dir='ltr'>circurrsrdatum</span> 
     </span>
     <span class='ocr_line' id='line_1_40' title="bbox 2159 6014 2310 6105; baseline 0.013 -30"><span class='ocrx_word' id='word_1_353' title='bbox 2159 6014 2310 6105; x_wconf 86' lang='lat' dir='ltr'>untque</span> 
     </span>
    </p>
   </div>
   <div class='ocr_carea' id='block_1_11' title="bbox 0 0 3050 6948">
    <p class='ocr_par' dir='ltr' id='par_1_12' title="bbox 0 0 3050 6948">
     <span class='ocr_line' id='line_1_41' title="bbox 0 0 3050 6948; baseline 0 0"><span class='ocrx_word' id='word_1_354' title='bbox 0 0 3050 6948; x_wconf 95' lang='lat' dir='ltr'> </span> 
     </span>
    </p>
   </div>
  </div>
 </body>
</html>
