6092 6950
655 667 722 744 10
1235 637 1865 742 HORTUS

650 818 745 871 cum
773 807 904 871 autern
919 788 1045 870 teneri
1059 788 1161 883 sunt,
1191 783 1236 867 bi
1252 787 1401 868 fruetus
1430 785 1586 866 candidi
1618 786 1706 866 sunt
1734 814 1778 868 ac
1807 786 1989 878 nitentes,
2019 779 2278 870 albicantibus
2293 786 2458 872 surculis

649 903 924 1012 appendentes,
953 901 1080 982 forma
1096 929 1177 980 non
1196 900 1360 980 rotunda
1375 899 1438 978 scd
1452 897 1645 1008 angulata,
1676 899 1849 980 maxima
1863 916 1968 1011 parte
1981 895 2087 978 foliis
2103 898 2244 1007 calycis
2256 899 2456 1012 oblongo-

648 1013 882 1093 rotundiolis
922 1015 962 1093 de
993 1032 1136 1092 mutuo
1168 1009 1463 1091 circumvolutis
1510 1008 1861 1121 circumprehensa,
1893 1011 2052 1090 interius
2092 1010 2307 1093 constantes
2335 1013 2456 1124 pulpa

645 1125 761 1205 densa
779 1126 985 1217 albicante,
1017 1151 1103 1233 quae
1123 1122 1263 1231 saporis
1279 1120 1426 1201 nullius
1453 1124 1493 1202 de
1512 1121 1781 1230 astringentis;
1812 1122 1940 1233 postea
1964 1149 2059 1200 cum
2077 1141 2185 1203 aetate
2203 1123 2323 1233 pulpa
2341 1125 2456 1206 molli

647 1237 737 1314 sunt
751 1240 791 1315 δι
815 1265 937 1347 pauca
961 1238 1203 1314 continentes
1233 1236 1275 1312 in
1295 1232 1425 1312 medio
1444 1231 1574 1343 pulpae
1593 1231 1802 1314 humorem
1822 1233 1972 1312 clarum
1997 1260 2041 1312 ac
2069 1232 2246 1314 multum
2265 1235 2335 1344 qui
2360 1263 2455 1316 cum

644 1348 768 1457 pulpa
794 1349 1036 1456 astringentis
1076 1346 1215 1455 saporis
1243 1345 1311 1437 est,
1342 1344 1506 1452 suntque
1536 1363 1623 1422 tum
1651 1344 1745 1425 dicti
1779 1343 2064 1438 Tanai-Paind,
2094 1345 2185 1424 dein
2203 1345 2324 1456 pulpa
2349 1348 2453 1428 intc-

537 1497 542 1504 ·
644 1459 737 1538 riori
765 1462 888 1568 magis
907 1462 1016 1538 aucta
1040 1458 1142 1550 sunt,
1173 1484 1216 1536 ac
1246 1454 1405 1536 nullum
1433 1452 1643 1535 humorem
1671 1455 1714 1535 in
1734 1457 1864 1536 medio
1891 1458 2150 1550 continentes,
2180 1457 2347 1567 suntque
2365 1479 2455 1538 tum

620 1569 794 1649 tructus
821 1572 928 1672 dieti,
959 1566 1331 1660 Schaumba-Paina,
1362 1594 1456 1646 cum
1475 1585 1584 1646 aetate
1609 1569 1747 1676 majori
1764 1569 1884 1678 pulpa
1898 1570 2021 1678 magis
2050 1571 2090 1648 be
2104 1569 2227 1704 magis
2246 1569 2453 1652 indurescit

522 1695 529 1702 ’
643 1681 888 1790 nasciturque
913 1683 954 1759 in
973 1680 1103 1758 medio
1131 1681 1171 1757 in
1192 1678 1438 1785 longitudine
1469 1678 1642 1757 medulla
1674 1679 1859 1772 albicans,
1889 1680 2123 1788 diciturque,
2153 1707 2247 1759 cum
2265 1682 2385 1791 pulpa
2411 1685 2451 1762 br

643 1792 817 1870 medulla
836 1794 967 1870 minus
984 1792 1079 1870 dura
1091 1790 1159 1883 est,
1190 1790 1456 1882 Ara-Daca,
1488 1784 1581 1872 ciam
1598 1790 1731 1871 durior
1744 1791 1903 1884 Adecca,
1935 1787 2029 1870 ciam
2044 1788 2216 1870 maxime
2231 1791 2326 1872 dura
2342 1793 2396 1888 est
2411 1797 2451 1874 bc

641 1922 775 1983 cortex
800 1904 1072 1995 aureo-flavus,
1103 1901 1266 1993 Palaia,
1298 1899 1351 1979 est
1370 1920 1498 1980 autem
1526 1900 1660 2011 pulpa,
1690 1901 1818 1983 forma
1833 1903 2009 2013 primum
2028 1901 2128 1980 ovali
2139 1899 2289 1982 babens
2319 1902 2450 2014 cuspi-

640 2013 733 2092 dem
746 2017 960 2094 acutiorem
978 2015 1025 2093 ad
1044 2013 1309 2092 summitatem
1322 2011 1488 2104 fructus,
1518 2012 1574 2091 est
1592 2013 1680 2094 verb
1706 2014 1841 2124 pulpa,
1872 2009 1965 2092 ciam
1986 2032 2114 2092 tenera
2140 2015 2180 2091 de
2199 2009 2364 2094 humida
2381 2014 2448 2108 est,

640 2125 773 2204 colore
796 2124 1195 2216 albicante-subflavo,
1224 2123 1352 2202 forma
1378 2124 1549 2232 oblonga
1577 2126 1616 2205 ba
1644 2124 1802 2234 angusta
1826 2128 1866 2205 be
1894 2125 1942 2204 ad
1961 2123 2226 2204 summitatem
2240 2124 2448 2234 cuspidata,

638 2236 750 2331 dura,
781 2237 911 2317 colore
929 2265 978 2316 ex
998 2234 1347 2327 ruso-rubescente,
1377 2233 1505 2314 forma
1522 2234 1576 2312 est
1595 2238 1727 2331 minus
1756 2235 1930 2345 oblonga
1947 2263 1990 2314 ac
2010 2235 2161 2316 craffior
2178 2264 2221 2314 ac
2250 2237 2373 2344 magis
2402 2239 2450 2316 ad

632 2374 790 2427 conum
804 2349 1002 2442 accedens,
1031 2349 1145 2454 cujus
1169 2346 1263 2426 bafis
1278 2347 1387 2426 estin
1413 2346 1493 2424 ima
1505 2364 1613 2454 parte
1626 2345 1803 2430 frustus:
1835 2348 1969 2457 pulpa,
1999 2347 2062 2426 seu
2078 2347 2185 2441 dura,
2216 2345 2280 2425 seu
2299 2347 2448 2443 mollis,

544 2459 583 2506 ‘·
628 2473 736 2537 ¹cum
750 2461 861 2541 Be‘tel
874 2460 1005 2539 addito
1033 2476 1237 2538 momento
1253 2457 1369 2538 caleis
1388 2458 1601 2553 manditur,
1632 2457 1804 2539 maximi:
1833 2478 1964 2539 autem
1993 2457 2155 2552 mollis,
2189 2459 2334 2538 Cortex
2354 2459 2447 2567 pul-

636 2597 731 2678 pam
750 2572 996 2651 circumdans
1011 2568 1200 2651 corticula
1213 2569 1392 2650 exteriori
1406 2568 1570 2648 densiori
1585 2572 1624 2650 dc
1640 2569 1800 2665 duriori,
1813 2599 1901 2679 quae
1915 2569 2114 2678 superficie
2127 2569 2243 2678 plana
2262 2571 2302 2648 be
2316 2569 2449 2678 glabra

637 2681 707 2774 est,
738 2709 782 2761 ac
805 2678 980 2792 primum
1000 2682 1184 2774 albicans,
1201 2680 1290 2759 dein
1307 2680 1453 2774 viridis,
1473 2678 1560 2788 past
1583 2708 1679 2761 cum
1697 2683 1819 2793 pulpa
1845 2711 1888 2762 ac
1917 2680 2090 2760 medulla
2116 2681 2212 2760 dura
2228 2679 2295 2774 est,
2311 2706 2448 2760 aurco-

637 2791 726 2871 flavi
745 2793 902 2887 coloris,
932 2793 1139 2887 obductus,
1167 2794 1273 2871 intus
1294 2791 1471 2872 constans
1496 2819 1610 2870 carne
1639 2794 1814 2901 primum
1834 2813 1962 2874 tenera
1980 2791 2185 2884 albicante,
2206 2819 2293 2900 quae
2309 2793 2447 2898 majori

637 2906 854 3010 quantitate
871 2902 926 2983 est
955 2905 1150 2984 adimam
1182 2921 1332 3012 partem
1359 2902 1523 2997 fruitus,
1554 2931 1598 2982 ac
1628 2907 1816 2985 corticula
1843 2903 2024 2984 exteriori
2052 2900 2175 2982 decisa
2201 2928 2294 2981 cum
2327 2902 2448 3013 pulpa

628 3013 787 3094 srusbus
815 3018 858 3094 in
874 3015 1108 3094 comestione
1136 3016 1246 3096 Be‘tel
1265 3015 1380 3094 fimul
1398 3015 1610 3109 manditur,
1641 3043 1736 3096 cum
1753 3016 1902 3098 fructus
1929 3014 2111 3094 vetustior
2138 3013 2206 3107 est,
2236 3013 2444 3094 filamentis

633 3124 809 3234 lignofis,
840 3155 927 3236 quae
941 3128 1117 3237 primurn
1136 3125 1277 3206 coloris
1306 3126 1509 3206 albicantis
1539 3125 1643 3221 sunt,
1673 3127 1763 3206 dein
1792 3155 1886 3206 curn
1907 3115 2095 3207 corticula
2113 3125 2279 3202 exterior
2307 3153 2444 3204 aureo-

634 3234 731 3316 flava
760 3239 827 3332 est,
857 3238 1000 3317 coloris
1033 3265 1192 3346 quoque
1223 3235 1448 3316 aureo-flavi
1481 3236 1545 3315 seu
1574 3239 1701 3316 crocei
1729 3238 1832 3332 sunt,
1863 3237 1916 3316 est
1954 3253 2167 3345 pertextus,
2197 3234 2327 3342 estque
2356 3255 2444 3318 tum

633 3345 729 3426 adeo
756 3346 857 3427 aas
870 3348 1001 3458 pulpae
1019 3349 1232 3458 superficiei
1246 3344 1454 3441 adhaerens,
1472 3367 1517 3428 ut
1532 3374 1612 3428 non
1626 3348 1740 3428 facile
1767 3346 1929 3458 deglubi
1970 3345 2085 3424 offit:
2113 3345 2215 3424 intra
2229 3346 2443 3426 medullam

632 3456 870 3555 albicantem
897 3461 939 3538 in
968 3459 1046 3540 basr
1074 3459 1223 3540 fructus
1251 3460 1294 3545 in
1311 3460 1442 3541 medio
1467 3461 1607 3540 oculus
1636 3459 1883 3542 rotundiolus
1901 3375 2071 3539 albicans
2091 3453 2342 3565 conspicitur,
2373 3460 2444 3567 qui

634 3596 794 3675 germen
810 3569 960 3649 fructus
988 3570 1042 3648 est
1069 3569 1270 3647 surculum
1283 3569 1427 3649 edens:
1458 3589 1625 3677 quatuor
1646 3576 1773 3682 Capsae
1790 3572 1879 3679 plus
1894 3570 2026 3649 minus
2044 3566 2159 3647 simul
2177 3568 2219 3645 in
2233 3570 2367 3649 eadem
2380 3597 2441 3648 ar-

634 3680 729 3758 bore
743 3681 784 3758 in
806 3680 975 3789 Capitula
1002 3674 1273 3788 reperiuntur3
1304 3679 1445 3785 quinto
1459 3676 1605 3757 annea
1631 3679 1775 3759 satione
1802 3679 1867 3757 dat
1891 3678 2095 3759 Fructusfi
2122 3698 2219 3759 terra
2244 3678 2350 3759 ferax
2379 3680 2439 3776 srt,

632 3788 823 3871 ordinarie
852 3790 1030 3901 septImo,
1060 3788 1156 3868 vivit
1172 3786 1456 3896 quinquaginta
1481 3814 1618 3881 annos,
1646 3790 1804 3898 triginta
1830 3807 1963 3897 vegeta
1980 3788 2034 3867 est
2060 3788 2209 3869 fruitus
2227 3789 2438 3899 proferens,

631 3900 719 4009 pbst
745 3902 972 4011 languescit,
1002 3900 1151 3979 fructus
1165 3899 1252 4009 pust
1280 3926 1408 3977 unum
1435 3895 1624 3993 mensem,
1654 3928 1735 4008 quo
1764 3928 1812 3981 ex
1840 3901 1948 4010 capsa
1976 3896 2149 4010 erupdre,
2179 3928 2320 4010 aquam
2338 3906 2439 3983 reci-

631 4013 762 4121 piunt,
777 4014 864 4124 post
881 4032 957 4095 tres
972 4010 1120 4094 memes
1139 4011 1290 4092 fructus
1304 4012 1415 4090 omni
1431 4038 1539 4120 aqua,
1553 4009 1688 4121 repleti
1703 4012 1804 4105 sunt,
1834 4011 1920 4123 post
1934 4012 1996 4091 sex
2012 4011 2160 4093 menses
2175 4011 2296 4122 pulpa
2310 4011 2425 4096 dura..

630 4235 814 4397 RAdix
828 4236 984 4320 decocta
996 4237 1039 4315 in
1057 4261 1158 4343 aqua
1170 4234 1282 4313 servit
1300 4261 1371 4342 pro
1386 4261 1452 4313 ore
1462 4232 1609 4312 sulcato
1624 4124 1760 4315 erdum
1774 4264 1818 4316 ea
1828 4236 2012 4327 diluatur,
2027 4235 2085 4313 uti
2098 4236 2137 4314 be
2151 4263 2222 4345 pro
2240 4236 2324 4341 ejus
2343 4237 2436 4346 pus-

737 4348 844 4428 tulis.
868 4354 1014 4429 Succus
1026 4346 1215 4427 soliorum
1227 4362 1448 4423 tenerorum
1459 4344 1652 4453 expressus
1668 4373 1818 4427 aecum
1833 4348 1920 4427 oleo
1936 4347 2148 4457 Schirgelim
2162 4348 2273 4429 datus
2286 4347 2438 4429 confert

631 4484 704 4566 pro
730 4459 950 4540 lumbricis.
1398 4460 1438 4539 F
1463 4460 1493 4537 I
1516 4458 1567 4537 G.
1630 4462 1740 4566 5.,6.
1772 4488 1812 4569 7.
1846 4460 1884 4540 8.

620 4632 626 4642 ,
674 4568 777 4634 Arbor
792 4570 889 4634 bacci
903 4571 940 4633 C.
957 4567 1088 4635 Baabino
1101 4569 1134 4633 in
1148 4566 1255 4631 Pinare
1265 4580 1391 4631 vocatur
1402 4566 1518 4641 Palaia,
1547 4568 1619 4630 huic
1630 4568 1745 4632 frudini
1760 4570 1871 4635 famam
1887 4568 2064 4635 conciliavit
2072 4566 2269 4653 quotidianus
2281 4569 2346 4655 ejus
2363 4592 2435 4634 cum

629 4655 857 4751 cujus'frudiur
877 4654 967 4755 fissilis
982 4655 1089 4740 Fauscl
1105 4654 1230 4729 dicitur,
1244 4651 1350 4751 Farfis
1360 4654 1517 4753 serapioni,
1547 4654 1626 4715 soliis
1643 4650 1728 4718 Betra
1739 4652 1797 4756 stuc
1812 4656 1903 4754 Betle,
1911 4655 1989 4736 apud
1999 4654 2092 4719 indos
2100 4650 2303 4821 Magnam&
2313 4654 2436 4756 ditiores

493 4794 499 4801 ’
628 4736 1517 4908 lslldssst'tlnnltstitubasti
1545 4738 2435 4907 stabulant-litstlttizit‘ltltl‘ssssts'

628 4908 746 4972 Garzia
759 4913 796 4973 ab
810 4910 916 4988 Horra,
928 4910 964 4973 ad
980 4932 1072 4993 quem
1082 4908 1168 4991 plura
1180 4909 1218 4969 de
1234 4910 1291 4971 bac
1305 4910 1430 4971 materia
1441 4908 1516 4972 desr-
1586 4906 1688 4973 Plures
1704 4924 1810 4975 autem
1829 4912 1892 4973 e'us
1917 4910 1987 4972 dari
2007 4910 2132 4991 species,
2158 4905 2305 4973 testantur
2327 4926 2434 4994 praeter

627 4994 787 5057 derantem
809 4996 954 5059 lesiorem
969 4995 1103 5058 remitto.
1147 4990 1195 5055 Ut
1212 4993 1242 5057 ba
1259 4991 1516 5077 Chrisupharuma
1544 4992 1674 5058 Antores
1688 4992 1818 5073 nostros,
1835 4934 1951 5059 stactus
1967 5014 2017 5067 ma
2041 4993 2220 5058 nitudine&
2234 4994 2331 5057 forma
2344 4998 2431 5075 varii,

627 5080 721 5159 Casta,
744 5079 797 5163 qui
814 5080 959 5143 Auellanae
978 5077 1084 5142 Indirae
1095 5080 1220 5143 nomine
1231 5077 1348 5141 fruitus
1362 5078 1515 5160 describit,
1542 5100 1618 5161 quos
1635 5081 1713 5143 inter
1719 5080 1835 5149 rariora
1849 5078 1972 5145 asserto.
2018 5017 2136 5143 ilerum
2151 5098 2243 5163 quem
2260 5078 2359 5143 forma
2373 5082 2433 5145 ob·

625 5165 739 5246 eosque
753 5166 855 5230 adbuc
870 5167 1015 5239 virentes,
1037 5166 1090 5228 sub
1105 5184 1198 5227 arena
1217 5164 1309 5227 condi
1328 5164 1464 5242 testatur,
1482 5182 1516 5227 ur
1541 5164 1636 5249 longi
1653 5163 1748 5227 Arcrae
1764 5165 1921 5253 subjungit
1945 5164 2068 5249 Claſses,
2092 5178 2160 5227 toto
2174 5165 2257 5229 coelo
2272 5164 2309 5229 ab
2324 5166 2360 5227 eal
2371 5166 2433 5229 dis·

626 5246 716 5329 gustu
729 5250 860 5315 evadant
874 5251 1032 5337 gratiores,
1057 5248 1188 5334 quin&
1213 5249 1244 5311 in
1270 5248 1438 5315 lotionibus
1461 5250 1513 5313 ad·
1542 5249 1610 5323 fert,
1635 5270 1708 5311 curn
1727 5251 1805 5315 nibil
1835 5248 1915 5315 aliud
1945 5250 1994 5327 srt,
2022 5246 2115 5333 quim
2139 5245 2281 5313 Nucleus
2307 5250 2433 5323 interior

622 5332 842 5419 stringentibus
868 5336 972 5422 magni
1000 5334 1057 5398 else
1080 5335 1159 5399 usus.
1204 5331 1384 5397 Maximum
1413 5349 1513 5397 autern
1544 5330 1707 5417 Palmapinr'
1726 5334 1842 5401 Labelir'.

739 5462 984 5533 ARECA
1039 5465 1406 5534 CATHECU.
1825 5466 2151 5553 Syaanymaautharum-

941 5572 960 5616 c
984 5572 1005 5617 ι
1030 5574 1055 5619 Α
1074 5572 1093 5615 s
1118 5574 1132 5617 a
1156 5573 1170 5617 1
1193 5573 1208 5616 s
1431 5587 1434 5593 ,
1587 5555 1686 5617 Areca
1709 5553 1867 5633 frondibus
1892 5555 2043 5633 pinnatis:
2068 5551 2181 5618 foliolis
2198 5552 2349 5636 replicatis
2372 5574 2431 5637 op·

665 5654 687 5701 1·
711 5655 737 5701 Α
758 5655 780 5702 ι
804 5657 834 5703 ra
859 5656 892 5701 ae
957 5658 1068 5704 rau
1091 5658 1115 5702 u
1138 5658 1163 5703 n
1186 5658 1209 5702 r
1233 5657 1246 5702 1
1268 5654 1290 5703 r
1314 5658 1335 5705 o
1358 5655 1379 5703 n
1403 5660 1417 5705 r
1442 5654 1486 5701 aa.
1541 5636 1838 5723 pofitispraemorsrs.
1884 5634 2032 5722 FLzeyl.
2049 5659 2127 5739 39²·

905 5723 1063 5793 character
1085 5725 1239 5807 gesericus.
1585 5724 1686 5789 Areca
1702 5726 1723 5787 s.
1738 5722 1765 5788 F
1766 5723 1860 5801 aufal,
1887 5724 2025 5790 avellana
2047 5724 2149 5791 iudica
2164 5720 2335 5789 versicolor.
2358 5722 2430 5811 Rajr

666 5802 784 5871 Marc.
808 5807 881 5874 cat.
904 5854 914 5874 .
939 5856 947 5874 .
970 5853 979 5873 .
1004 5809 1080 5874 Cor.
1096 5810 1243 5897 3-petala.
1267 5807 1363 5875 Stam.
1381 5834 1413 5898 q.
1540 5810 1606 5875 hist.
1628 5810 1722 5895 1363.

665 5888 758 5957 Fra.
780 5888 849 5959 Cal.
873 5942 883 5963 .
907 5942 917 5964 .
941 5945 950 5963 .
995 5894 1071 5963 Cor.
1099 5893 1246 5981 3-petala·
1268 5890 1383 5980 Drupa
1410 5895 1515 5983 calyce
1580 5892 1686 5958 Pal'ma
1694 5894 1837 5959 arecifera
1848 5892 1959 5960 nucleo
1968 5891 2147 5961 versicolore
2155 5896 2317 5961 moschatae
2328 5890 2429 5962 simili.

620 5974 797 6046 imbricato.
1539 5980 1631 6045 Pulk.
1647 5980 1719 6043 alm.
1737 5996 1810 6063 275.
1826 5995 1850 6047 t.
1866 6000 1938 6065 309.
1955 5982 1977 6044 f.
1991 6002 2023 6061 4.

925 6066 1036 6132 Nomen
1047 6067 1216 6155 sperrficum·
1581 6064 1683 6129 Palma
1697 6068 1785 6153 cujus
1802 6067 1918 6131 studius
1934 6066 2032 6131 seffilis
2047 6064 2155 6133 Fausel
2170 6066 2293 6131 dicitur.
2325 6060 2429 6132 Baub:

667 6150 763 6216 Areca
778 6154 879 6221 fraud.
894 6154 1050 6243 pinnatis:
1066 6152 1181 6224 sonatis
1193 6150 1346 6237 replicatis
1366 6150 1510 6238 oppofitia
1537 6154 1598 6235 piu.
1617 6170 1690 6237 5¹0·
2071 6152 2075 6159 '

614 6236 798 6325 praemunis.
1443 6312 1448 6323 Ι
1579 6236 1730 6324 Pinanga.
1773 6236 1915 6326 Rumpb.
1929 6238 2011 6307 amb.
2029 6255 2099 6323 asp.
2116 6234 2168 6301 26.
2185 6250 2209 6300 t.
2222 6254 2255 6315 4.

2101 6323 2428 6425 CARI‘Mq
