6092 6950
939 863 2036 1006 MALAsAn1ous'
2219 913 2308 1004 ⁶1>

758 1291 2175 1488 assensa-Masona

885 1583 1379 1752 snu'nrurn
1467 1639 2082 1754 ncuusunrn:
2179 1761 2183 1773 ,

1315 2131 1656 2240 FIG.34.-

777 2335 1145 2431 stuata-Mandra,
1176 2367 1262 2448 quae
1282 2339 1392 2418 tertia
1410 2340 1550 2450 species
1570 2339 1623 2417 est
1645 2337 1855 2431 arandara,
1877 2337 2011 2447 lingua
2036 2339 2292 2432 Bramanum,

800 2448 1151 2638 DavdfiManddru,
1181 2451 1236 2530 est
1259 2450 1461 2532 arbuscula
1479 2449 1685 2530 altitudine
1704 2451 1820 2529 unius
1840 2447 2031 2543 hominis,
2063 2449 2218 2531 nascens
2247 2450 2292 2527 in

800 2585 913 2638 areno
944 2588 974 2639 s.

691 2781 817 2866 Radix
844 2777 975 2859 minus
1004 2781 1119 2862 crassa
1137 2809 1208 2862 nec
1235 2781 1431 2893 profunde
1459 2784 1502 2862 in
1529 2771 1668 2863 terram
1694 2780 1939 2863 descendens.

692 3003 840 3085 Caudex
867 3001 1005 3084 crassus
1034 3031 1161 3083 unum
1190 3003 1343 3084 circiter
1366 3002 1590 3086 brachium.

690 3227 797 3308 Folia
819 3226 937 3305 bifida
957 3253 1116 3334 quoque
1147 3225 1286 3306 similia
1312 3254 1407 3307 cum
1436 3227 1483 3307 iis
1502 3227 1639 3337 prioris
1669 3225 1820 3338 speciei,
1851 3223 1913 3306 sed
1938 3225 2122 3305 lateribus
2148 3223 2292 3304 oblon-

637 3337 812 3447 gioribus
837 3365 882 3415 ac
919 3334 1150 3446 profundilss
1184 3338 1312 3417 incisis
1351 3339 1453 3432 sunt,
1484 3343 1523 3418 dc
1557 3338 1683 3417 versus
1718 3337 1983 3416 summitatem
2016 3337 2057 3414 in
2094 3335 2294 3443 cuspidem

637 3449 859 3540 contradtis,
889 3447 1019 3527 colore
1047 3445 1293 3527 viridi-fusco
1311 3451 1353 3528 in
1382 3449 1568 3541 interiori,
1596 3476 1640 3527 ac
1663 3448 1710 3527 ad
1738 3446 1842 3527 strias
1860 3445 2094 3526 costularum
2115 3445 2293 3540 nitentia,

636 3561 680 3639 in
709 3578 817 3668 parte
836 3576 968 3636 autem
987 3558 1167 3635 exteriori
1195 3556 1326 3636 colore
1354 3558 1727 3652 viridi-flavescente,
1757 3584 1801 3638 ac
1829 3557 1871 3637 in
1898 3582 1942 3635 ea
1968 3574 2075 3667 parte
2098 3556 2296 3667 groffiori-

635 3670 711 3752 bus
736 3667 962 3751 extantibus
991 3668 1117 3746 nervis
1146 3668 1247 3748 inter
1264 3668 1383 3749 costas
1412 3668 1553 3750 striata.

693 3896 834 3987 Flores,
870 3891 940 4000 qui
967 3888 1067 3994 folio
1090 3889 1295 3971 fenestrato
1319 3890 1433 3971 viridi
1470 3892 1509 3970 dc
1540 3892 1649 3971 tenui
1675 3890 1969 4001 succinguntur,
2000 3890 2089 3971 sunt
2113 3890 2295 3971 albiflimi

640 4005 761 4085 nullis
798 4004 913 4083 tincti
948 4001 1127 4095 maculis,
1158 4002 1287 4081 odoris
1330 4001 1493 4095 nullius,
1534 4002 1749 4083 constantes
1791 3996 1949 4111 quoque
1977 4006 2152 4111 quinque
2189 4001 2298 4083 foliis

636 4114 883 4206 rotundiolis,
908 4138 1048 4221 parum
1070 4112 1267 4221 oblongis,
1290 4140 1379 4222 quae
1403 4114 1555 4194 venulis
1573 4114 1699 4193 striata
1721 4109 2003 4192 subtilioribus.

695 4336 864 4417 Stamina
890 4332 932 4411 in
951 4334 998 4413 iis
1018 4334 1154 4413 decem
1181 4332 1383 4414 candidae
1410 4334 1543 4415 medio
1570 4353 1715 4415 exeunt
1733 4334 1858 4414 versus
1878 4360 1998 4413 unam
2023 4352 2174 4444 partem
2192 4364 2294 4443 quo-

640 4473 718 4555 que
747 4444 902 4537 inflexa,
932 4446 1073 4523 coloris
1108 4444 1187 4523 albi
1219 4472 1314 4524 cum
1350 4446 1527 4554 apicibus
1553 4444 1659 4525 flavis
1685 4473 1729 4524 ac
1756 4442 1938 4525 nonnihil
1959 4446 2130 4526 surredtis
2157 4447 2198 4525 in
2218 4444 2296 4529 fas·-

638 4558 759 4665 tigiis,
790 4560 829 4635 δι
852 4582 946 4634 cum
969 4555 1015 4634 iis
1049 4575 1227 4635 tenerum
1259 4582 1420 4665 germen
1444 4558 1685 4666 filiquarum,
1717 4555 1866 4666 ecujus
1886 4559 2027 4655 vertice
2046 4555 2296 4643 filamentum

638 4666 928 4751 ctaffiusculum
942 4668 1039 4759 exit,
1067 4667 1104 4745 se
1125 4666 1271 4777 prodit.

696 4891 854 4973 Gemmae
874 4851 1435 4998 Florum'oblongo-rotundae.
1472 5001 1476 5012 ι

638 5222 654 5301 l
696 5109 844 5300 βίἰιέιιῖ
878 5111 1049 5191 minores
1081 5114 1240 5205 caeteris,
1281 5111 1528 5221 longitudine
1566 5130 1734 5221 quatuor
1772 5130 1839 5192 aut
1880 5111 2055 5221 quinque
2084 5112 2297 5223 pollicum,

656 5239 753 5301 antu

640 5330 700 5413 hil
718 5334 888 5414 incurvae
916 5333 1043 5414 versus
1063 5360 1182 5413 unam
1199 5352 1365 5443 partem,
1386 5361 1430 5412 ac
1456 5334 1566 5430 dorso
1581 5335 1749 5416 rotundo
1773 5337 1931 5445 latoque
1949 5336 2265 5447 circumscriptae.

697 5554 828 5649 Fabae,
853 5506 939 5662 quae
972 5582 1066 5634 cum
1103 5554 1168 5633 sua
1196 5554 1442 5663 longitudine
1464 5584 1622 5665 quoque
1648 5558 1690 5636 in
1719 5556 1922 5638 latitudine
1947 5558 2172 5669 filiquarum
2197 5584 2302 5658 con,-

641 5664 719 5745 srtae
755 5692 799 5743 ac
835 5666 1158 5776 intersepimentis
1195 5666 1394 5759 distinuae,
1425 5668 1811 5778 oblongo-rotunda,
1842 5668 2022 5756 craffiolae
2061 5670 2125 5748 seu
2163 5666 2300 5750 minius

641 5775 861 5883 compressa
890 5780 938 5859 iis
978 5775 1415 5875 Choubana-Mandra,
1445 5808 1489 5863 ac
1511 5780 1641 5865 multo
1660 5780 1843 5865 minores
1877 5780 2018 5863 coloris
2051 5780 2139 5864 flavi
2164 5776 2297 5862 minits

638 5884 891 5973 rubescentis.

2170 6002 2299 6089 Floret

784 5222 792 5238 ⁵
824 5248 1019 5330 ⁰q¹¹0q110
1037 5220 1228 5331 pollicari,
1259 5222 1382 5331 planae
1404 5250 1562 5332 quoque
1595 5252 1638 5303 ac
1658 5224 1876 5334 compressae
1904 5223 2119 5332 deglabrare,
2149 5226 2297 5305 nonni·
2446 5236 2453 5257 ¹
