6092 6950
963 867 1907 980 uaruuaulcus
2204 837 2366 974 n'

622 1116 1656 1411 rininuau‘iurrui
1718 1121 2267 1414 crruriiirrn.
2373 1249 2380 1257 ’

1292 1565 1462 1646 uro.
1522 1547 1591 1667 4'6.

727 1682 804 1762 Ala
830 1702 996 1794 quatuor
1013 1683 1154 1794 species
1178 1687 1281 1785 sunt,
1310 1719 1477 1802 quarum
1496 1719 1573 1769 una
1591 1692 1674 1798 ejus
1694 1693 1881 1788 nominis,
1912 1694 2077 1776 secunda
2096 1693 2268 1777 Crirutu·
2414 1673 2421 1682 ¹

747 1793 860 1891 Pdla,
886 1797 998 1876 tertia
1018 1797 1301 1908 Collega-Prile,
1331 1821 1467 1910 quarta
1486 1801 1810 1884 Cosconia-Prile.
2126 1824 2130 1830 '

780 1945 880 2030 ΡάΙα
897 1925 995 2059 ling.
1019 1949 1150 2028 Bram.
1173 1947 1352 2044 Santemi,
1381 1949 1435 2028 est
1461 1949 1574 2029 arbor
1602 1949 1711 2030 valde
1742 1977 1915 2060 procera,
1946 1951 2061 2031 ramis
2082 1950 2269 2032 transver-

626 2051 711 2132 sum
729 2055 805 2136 late
831 2060 975 2170 sparer,
1006 2059 1251 2168 nasciturque
1271 2063 1312 2140 in
1331 2060 1507 2142 arenofis.

681 2187 807 2268 Radix
839 2186 1032 2296 profunde
1063 2207 1204 2266 terram
1232 2191 1394 2284 intrans,
1425 2189 1689 2300 radiculasque
1715 2191 1797 2272 suas
1816 2191 1893 2272 late
1912 2189 2150 2288 diffundens,
2180 2217 2270 2272 cor-

468 2402 472 2408 ·
626 2299 702 2379 tice
723 2297 1008 2402 flavo7obscuro
1027 2298 1091 2378 seu
1112 2299 1215 2394 ruse,
1245 2301 1315 2408 qui
1334 2301 1478 2381 lasteus
1507 2305 1547 2382 bc
1567 2303 1675 2382 valde
1694 2331 1846 2382 amarus
1866 2303 1933 2383 est.

685 2435 834 2517 Caudex
852 2434 989 2514 crassus
1015 2435 1138 2518 dudm
1160 2437 1327 2516 triumve
1346 2433 1559 2519 hominum
1586 2441 1788 2552 amplexus
1819 2426 2003 2568 implens,
2032 2437 2163 2546 estque
2182 2465 2270 2520 cot·

627 2548 703 2628 tice
733 2573 827 2624 cum
858 2547 973 2624 ramis
1003 2548 1201 2627 cinericeo‘
1227 2577 1271 2627 ac
1301 2548 1424 2628 laslco
1454 2551 1633 2660 &ligno
1670 2551 1774 2644 levi;
1806 2577 1904 2630 raml
1932 2566 2076 2628 veteres
2106 2548 2128 2627 ὲ
2157 2549 2271 2630 nodis

517 2759 528 2778 .
629 2661 846 2770 plerunque
864 2676 939 2736 tres
970 2676 1182 2764 quatuorve
1211 2658 1382 2738 surculos
1402 2659 1643 2742 diffundunt.

687 2797 793 2882 Folia
835 2813 955 2888 terna,
986 2812 1185 2904 quaterna,
1225 2795 1392 2904 quinave
1428 2797 1542 2876 fimul
1579 2794 1822 2876 surculorum
1853 2793 2068 2877 summitati
2097 2796 2140 2875 in
2168 2795 2275 2878 nodo

630 2910 795 2990 infident
814 2907 1066 3000 transversum
1096 2907 1138 2985 in
1172 2905 1309 2986 orbem
1338 2907 1515 3016 expansa,
1545 2907 1714 3017 suntque
1742 2907 1870 2988 forma
1893 2907 2275 3018 oblongo-rotunda,

631 3017 799 3102 anteriirs
820 3017 986 3099 rotunda
1013 3045 1079 3098 ora
1097 3018 1162 3098 seu
1180 3008 1297 3098 etiarn
1316 3017 1528 3126 cuspidata,
1558 3019 1598 3098 ἂ
1627 3019 1675 3100 ad
1707 3017 1902 3128 petiolum
1930 3017 2056 3098 stricte
2080 3021 2276 3098 contradta

632 3161 677 3212 ac
715 3133 822 3238 velut
862 3128 1147 3239 linguisormia,
1177 3147 1407 3210 contextura
1442 3127 1575 3224 solida,
1607 3128 1790 3211 densa&
1828 3128 2047 3242 lastiplena,
2078 3118 2282 3242 superficie

632 3245 747 3354 plan'a
779 3240 912 3352 glabra
949 3270 992 3322 ac
1026 3240 1141 3335 lenia,
1172 3243 1213 3319 in
1243 3243 1343 3320 recta
1370 3260 1476 3350 parte
1504 3242 1629 3322 virore
1661 3239 1839 3322 fusco&
1869 3243 2033 3338 nitente,
2063 3242 2107 3320 in
2126 3239 2278 3324 adversa

633 3355 743 3435 valde
762 3355 888 3433 diluto
917 3353 981 3432 seu
1000 3351 1190 3432 albicante
1208 3379 1252 3431 ac
1271 3350 1400 3432 surde.

689 3498 754 3577 Ex
774 3494 876 3574 costa
894 3491 1021 3586 crassa,
1050 3494 1394 3585 viridi-albicante,
1424 3520 1511 3599 quae
1542 3495 1662 3571 etiam
1689 3495 1732 3573 in
1766 3495 1869 3571 reeta
1885 3490 2112 3571 tenuiter&
2138 3487 2280 3573 alteia

633 3606 786 3687 adversa
803 3606 950 3683 eminet
974 3630 1018 3681 ac
1051 3602 1291 3684 cralliuscula
1319 3606 1359 3683 be
1391 3601 1468 3683 lata
1494 3602 1562 3696 est,
1594 3606 1703 3685 Venae
1734 3601 1891 3682 subtiles
1929 3600 2140 3684 numerosa
2176 3599 2280 3682 resti

635 3716 935 3817 transverfim,ac
961 3714 1143 3823 parallelo
1162 3718 1284 3796 trastu
1304 3716 1482 3821 proxime
1507 3715 1554 3793 ad
1580 3717 1800 3823 marginem
1830 3732 1990 3806 exeunt,
2020 3712 2112 3793 inde
2130 3712 2279 3793 reflexa

636 3831 678 3909 in
703 3826 927 3909 seinvicem
955 3826 1175 3920 incurrunt,
1205 3824 1379 3905 limbum
1399 3826 1661 3933 relinquentes
1680 3829 1723 3905 in
1756 3823 1956 3933 superficie
1974 3824 2279 3932 utrinquecon·

636 3940 787 4049 spicuae·
804 3942 1025 4044 testamque
1055 3936 1310 4046 soliipartem
1329 3938 1497 4017 tenuiter
1525 3936 1727 4033 strian'tes3
1758 3935 1847 4016 sunt
1874 3953 2006 4015 autem
2035 3933 2131 4016 folia
2149 3934 2280 4045 sapore

635 4076 779 4131 amaro.

694 4181 820 4263 Flores
838 4174 1092 4257 fasciculatim
1107 4174 1341 4283 proveniunt
1372 4175 1412 4253 in
1437 4172 1598 4255 surculis
1625 4172 1776 4255 nodofis
1796 4176 1836 4255 δι
1854 4168 2059 4266 viridibus,
2087 4172 2157 4279 qui
2170 4170 2282 4283 supra

638 4290 734 4373 folia
760 4286 950 4369 enodulis
969 4313 1168 4366 ramorum
1186 4312 1284 4393 quos
1303 4284 1632 4394 complectuntur,
1663 4288 1762 4365 resta
1781 4301 2058 4396 prorumpunt,
2087 4310 2131 4362 ac
2150 4283 2281 4473 plures

641 4421 687 4482 ut
706 4416 886 4509 quatuor,
916 4398 1138 4506 quinqueve
1157 4398 1326 4476 ramulos
1355 4424 1404 4475 ex
1435 4396 1593 4504 singulis
1624 4395 1781 4477 nodulis
1807 4393 2012 4506 proferunt
2040 4394 2149 4503 singu
2168 4395 2280 4473 ‘sra-

641 4514 760 4595 mulis
781 4528 962 4619 quatuor,
992 4508 1168 4615 quinque
1195 4506 1256 4585 vel
1287 4507 1416 4616 plures
1450 4507 1566 4586 s1mul
1595 4510 1637 4586 in
1676 4506 1898 4588 summitate
1930 4504 2162 4600 infidentes3
2192 4503 2283 4586 sunt
2361 4553 2366 4560 ·

641 4643 772 4705 autem
804 4620 1029 4711 albicantes,
1059 4618 1285 4710 subvirides,
1315 4618 1530 4698 constantes
1561 4620 1737 4727 quinque
1779 4618 1886 4698 soliis
1918 4616 2165 4710 rotundiolis,
2195 4644 2284 4725 quae

643 4735 770 4815 versus
790 4731 1024 4841 unguiculas
1057 4728 1289 4837 angustiora,
1318 4730 1359 4808 in
1379 4729 1457 4809 oris
1477 4731 1626 4835 rugulis
1651 4730 1814 4839 crispata
1831 4757 1875 4808 ac
1893 4728 2015 4836 rigide
2035 4726 2176 4806 inllexa
2195 4754 2284 4806 ver·

644 4845 704 4928 sus
723 4844 954 4927 exteriorem
973 4858 1137 4949 partem,
1167 4839 1363 4948 nullisque
1382 4838 1532 4919 venulis
1552 4841 1680 4920 striata
1697 4840 1801 4934 sunt,
1832 4839 2076 4946 infidentque
2101 4837 2284 4946 pediculo

645 4956 851 5046 albicante,
868 4952 938 5059 qui
957 4949 1107 5030 inferne
1121 4951 1161 5029 oc
1181 4950 1341 5059 superne
1360 4950 1512 5030 craffior
1529 4951 1597 5044 est,
1628 4941 1758 5060 calyci
1778 4954 1884 5030 arcto
1897 4968 2065 5060 quatuor
2081 4947 2285 5045 foliorum,

645 5094 689 5149 ac
708 5067 750 5147 in
770 5062 963 5143 umbilico
982 5060 1045 5142 seu
1061 5060 1225 5155 orificio,
1256 5059 1350 5161 folia
1368 5062 1507 5141 inserta
1524 5060 1614 5143 sunt
1630 5062 1824 5173 capillulis
1844 5060 2094 5141 orbiculatim
2113 5061 2285 5153 cineram

648 5178 813 5286 suntque
831 5173 959 5253 odoris
985 5171 1153 5280 jucundi
1172 5174 1212 5251 be
1241 5170 1368 5266 sortis,
1398 5171 1461 5251 sed
1491 5176 1631 5281 gravis,
1660 5174 1733 5283 qui
1761 5170 1955 5254 catarrhos
1985 5171 2289 5282 &gravedinem

646 5289 846 5369 excitatae
866 5301 983 5393 caput
1001 5280 1180 5377 offendit,
1209 5282 1262 5364 ob
1282 5310 1376 5391 quas
1396 5308 1516 5363 noxas
1539 5284 1650 5365 invisr
1668 5285 1771 5367 sunt.

705 5416 872 5498 Stamina
886 5418 927 5495 in
948 5414 1109 5497 floribus
1125 5419 1302 5529 quinque
1320 5421 1452 5499 tenuia
1497 5420 1650 5502 ediculo
1669 5416 1830 5501 interibs
1850 5421 1989 5503 inserta
2013 5424 2052 5501 bt
2100 5420 2163 5499 ilis
2188 5419 2290 5501 albi·
2320 5412 2325 5419 ¹

651 5526 832 5607 cantibus
853 5528 988 5623 obsita,
1004 5556 1091 5637 quae
1110 5556 1232 5639 prope
1249 5528 1446 5611 orificium
1458 5449 1631 5642 sliperius
1651 5532 1828 5642 apicibus
1855 5533 1961 5615 slavis
1980 5536 2019 5613 bt
2038 5448 2169 5611 liberis
2188 5533 2290 5610 emi·

651 5656 768 5719 nent:
800 5638 901 5718 inter
919 5666 964 5718 ea
976 5639 1095 5747 stylus
1114 5638 1284 5721 albicans
1305 5644 1432 5722 tenuis
1446 5670 1490 5723 ac
1509 5644 1610 5724 liber
1623 5643 1678 5723 est
1696 5642 1844 5725 nodulo
1862 5644 1961 5724 slavo
1978 5644 2148 5734 dotatus,
2160 5660 2294 5722 ortum
2312 5655 2323 5667 “

651 5748 883 5942 dplcensfitex
919 5751 1093 5863 capitulo
1131 5778 1264 5863 parvo,
1292 5752 1422 5851 viridi,
1451 5756 1561 5865 quod
1588 5754 1858 5841 rudimentum
1894 5752 2043 5839 fructus
2079 5752 2148 5847 est,
2177 5778 2222 5833 ac
2250 5753 2295 5839 in

653 5886 677 5940 c
714 5884 784 5969 yce
846 5886 930 5945 um.

1270 5972 1272 5979 ’
1434 5976 1540 6059 Ma
2142 5977 2300 6065 Gemma
