6092 6950
1000 737 1971 900 Mabnuautcus.
2189 807 2333 933 aq.

828 1161 2181 1296 NJLJCAMARAM

884 1414 1592 1537 PHYLLANTuus
1672 1367 2113 1530 tutamen

1335 1693 1505 1776 FIG.
1568 1693 1634 1804 38.

788 1831 1033 1927 Ilicamarcim,
1063 1833 1197 1944 lingua
1212 1835 1342 1916 Bram.
1370 1829 1533 1928 Annali,
1553 1833 1607 1912 est
1624 1831 1738 1914 arbor
1762 1831 1967 1914 altitudine
1988 1775 2309 1942 quatuor'homi.

653 1844 781 2082 N
804 1971 916 2039 num,
932 1947 1049 2025 'ramis
1070 1945 1194 2026 denus
1214 1945 1467 2027 transversum
1487 1941 1649 2039 diffusis,
1666 1945 1822 2024 nascens
1841 1946 1884 2024 in
1903 1947 2118 2026 arenosis&
2131 1950 2322 2076 peuofis,

706 2167 832 2249 Radix
856 2167 971 2248 crassa
992 2167 1061 2262 est,
1091 2167 1274 2277 plurimis
1292 2167 1482 2278 capillatis
1502 2163 1612 2248 fibris
1643 2169 1680 2248 se
1710 2103 1819 2248 terra
1852 2168 2049 2250 affirmans
2075 2169 2221 2250 cortice
2240 2171 2306 2254 ni·

649 2275 835 2390 gricante,
852 2301 940 2386 qua
954 2279 1023 2358 sub
1043 2279 1168 2358 crusta
1187 2279 1401 2388 nigricante
1417 2279 1522 2360 intus
1543 2276 1728 2360 nonnihil
1744 2279 1926 2362 rubescit.
1964 2323 1974 2336 .

705 2499 854 2628 §aaran
874 2499 1103 2610 amplexum
1121 2453 1237 2582 unius
1257 2497 1409 2582 brachii
1423 2501 1575 2594 ambitu
1590 2501 1773 2611 implens,
1803 2501 1949 2582 cortice
1962 2500 2178 2611 nigricante
2192 2521 2238 2584 ut
2261 2503 2307 2590 &a

647 2635 759 2691 rami.

700 2833 821 2927 Folia,
851 2859 939 2942 quae
958 2833 998 2912 in
1018 2833 1180 2915 surculis
1199 2834 1397 2926 tenuibus,
1427 2833 1607 2913 rotundis
1620 2861 1664 2912 ac
1683 2827 1917 2944 spithamam
1935 2835 1976 2916 su
1994 2831 2112 2940 paulb
2130 2837 2305 2946 amplius

644 2937 787 3052 longis,
818 2947 886 3052 qui
906 2941 1000 3024 hinc
1028 2944 1156 3026 indeb
1184 2947 1300 3026 ramis
1320 2943 1382 3022 vel
1401 2943 1572 3039 solitarii,
1603 2944 1665 3024 vel
1687 2943 1785 3037 bini,
1816 2943 2014 3037 terni,ch
2044 2948 2225 3050 quaterni
2252 2968 2303 3029 ex

643 3053 783 3134 eodem
803 3053 951 3136 nodulo
966 3057 1210 3152 exoriuntur,
1239 3047 1467 3136 brevissimis
1492 3055 1649 3165 petiolis
1672 3055 1922 3164 proveniunt,
1953 3055 1996 3135 in
2015 3053 2169 3138 duabus
2184 3057 2302 3139 serie-
2375 3061 2378 3068 ’

644 3163 719 3244 bus
739 3167 978 3246 transversim
997 3170 1036 3246 ὅτ
1062 3169 1179 3276 paulo
1196 3164 1360 3276 obliqui
1375 3167 1565 3246 anteriora
1581 3166 1709 3246 versus
1728 3165 1925 3259 reclinata,
1956 3169 1998 3246 δι
2023 3189 2118 3246 cum
2135 3168 2302 3277 planitie

640 3273 796 3362 suatum
822 3277 1110 3386 superficierum
1139 3279 1312 3359 surculos
1344 3278 1493 3358 medios
1513 3277 1691 3373 secanda,
1722 3277 1889 3384 suntque
1892 3299 2036 3464 ἅρπη,
2067 3279 2241 3388 oblonga
2257 3283 2301 3364 bt

641 3383 816 3495 angusta,
844 3388 1061 3468 latitudinis
1082 3387 1209 3468 ubivis
1230 3387 1456 3483 uniformis,
1482 3385 1613 3498 plana,
1645 3391 1791 3479 tenuia,
1820 3385 1891 3465 soli
1919 3415 1943 3464 a
1959 3386 2025 3464 seu
2049 3385 2174 3467 densa
2208 3406 2298 3470 tex·

638 3515 832 3591 tutae,una
845 3518 999 3580 tantum
1013 3501 1154 3578 venula
1167 3502 1211 3579 in
1224 3500 1355 3579 medio
1368 3501 1508 3591 striata,
1524 3502 1566 3577 in
1582 3502 1682 3577 retra
1694 3516 1801 3607 parte
1815 3500 1941 3578 virore
1951 3493 2076 3591 fusco,
2091 3500 2134 3578 in
2145 3499 2299 3581 adversa

595 3646 600 3667 ι
639 3607 910 3704 claro-diluto,
941 3608 1110 3717 suntque
1132 3628 1308 3719 tempore
1326 3607 1543 3719 vespertino
1561 3609 1625 3688 scu
1645 3612 1850 3701 nocturno,
1882 3628 1970 3716 quae
1986 3608 2028 3687 in
2049 3610 2184 3690 eadem
2203 3611 2299 3692 serie

600 3740 603 3752 ·
637 3718 728 3799 sunt
745 3720 871 3801 clausa
889 3719 995 3799 acad
1020 3718 1057 3799 se
1077 3739 1220 3801 mutuo
1239 3720 1529 3815 decumbentis,
1561 3720 1608 3799 ad
1627 3716 1871 3829 pedunculos
1892 3736 2024 3799 autem
2050 3719 2295 3831 singulorum

636 3826 826 3911 foliorum
863 3830 1047 3919 cauliculi
1077 3833 1232 3941 punctis
1258 3830 1560 3943 cuspidibusque
1579 3831 1764 3939 utrinque
1796 3826 1819 3908 ὸ
1846 3832 1962 3911 latere
1993 3832 2184 3927 emicant,
2211 3860 2302 3943 quta

636 3939 719 4049 ipso
737 3940 908 4025 maxime
924 3970 1018 4022 cum
1037 3941 1143 4023 foliis
1164 3942 1300 4025 nudati
1325 3940 1428 4037 sunt,
1459 3940 1639 4023 scabri&
1657 3941 1778 4051 asperi
1803 3959 2003 4051 apparent.

689 4164 816 4246 Floret
839 4165 908 4270 qui
942 4163 1144 4244 cauliculis
1173 4162 1360 4257 foliaceis,
1391 4161 1565 4245 maxims
1597 4165 1639 4244 in
1669 4158 1806 4243 eorum
1831 4160 2007 4243 inferiori
2024 4182 2146 4272 parte,
2177 4167 2289 4247 ut&

634 4275 765 4367 tamis,
795 4301 843 4353 ex
897 4274 1013 4355 uibus
1041 4273 1226 4355 cauliculi
1253 4272 1408 4353 foliacci
1433 4276 1642 4383 prodeunt,
1673 4274 1801 4383 plures
1821 4273 2090 4381 congregatim
2105 4274 2286 4369 insident,

632 4386 740 4493 parvi
772 4384 837 4465 sex
869 4302 1057 4466 soliorum
1097 4384 1350 4494 angustorum
1392 4384 1664 4479 albicantium,
1693 4382 1881 4463 babentes
1910 4386 1952 4461 in
1986 4384 2117 4465 medio
2141 4386 2288 4467 stamen

632 4494 803 4575 albicans
836 4522 931 4684 cim
967 4496 1115 4576 nodulo
1151 4495 1218 4574 seu
1251 4496 1360 4605 apice
1393 4494 1506 4590 flavo,
1537 4497 1608 4605 qui
1639 4494 1893 4606 postmodum
1921 4492 2083 4577 obscure
2112 4496 2284 4588 rufescit,

630 4606 759 4685 odoris
787 4606 948 4686 nulius.
1570 4642 1575 4651 ·

685 4830 843 4909 &nara
858 4828 1010 4911 Florum
1029 4826 1204 4907 rotundae
1232 4828 1273 4910 bt
1290 4820 1516 4909 albicantes.

681 5048 720 5131 F
719 5052 860 5143 ructus,
875 5049 945 5157 qui
963 5046 1124 5129 floribus
1143 5048 1463 5144 deciduis,.ramis
1482 5050 1522 5129 bt
1538 5045 1702 5129 surculis
1717 5043 1819 5127 ursle
1836 5046 2017 5142 insident,
2036 5046 2127 5127 sunt
2138 5046 2282 5157 plano·

626 5162 799 5253 rotundi,
812 5162 899 5240 duri
917 5156 1430 5255 viridi-diluti,etiam·ct1m
1445 5160 1589 5243 maturi
1607 5158 1696 5238 sunt
1722 5186 1766 5238 ae
1786 5157 1975 5239 nonnihil·
1989 5160 2280 5267 tnnsparentes,

625 5270 689 5350 sex
709 5270 915 5351 subtilibus
930 5268 1080 5349 venulis
1107 5298 1193 5378 quae
1215 5273 1258 5350 in
1272 5270 1459 5351 verticem
1476 5289 1731 5365 concurrunt,
1760 5269 1803 5349 in
1818 5270 1986 5379 longum
2004 5269 2138 5363 striati,
2164 5299 2281 5351 carne

624 5380 729 5460 succi
758 5380 887 5491 plena,
909 5379 1167 5490 transparente
1193 5370 1530 5476 aevitidi-diluta,
1581 5408 1640 5461 uae
1657 5382 1799 5490 saporis
1823 5380 1878 5461 est
1895 5379 2010 5473 acidi,
2040 5378 2277 5462 delectabilis

622 5492 663 5571 δι
701 5489 1053 5601 subadstringentis,
1083 5489 1250 5599 suntque
1285 5492 1327 5571 in
1351 5490 1519 5587 eduliis,
1550 5410 1716 5601 suntque
1752 5492 1896 5573 surculi
1932 5490 2101 5584 foliacei,
2130 5491 2277 5597 quibus

621 5598 771 5683 tructus
800 5603 979 5698 infident,
1008 5618 1116 5714 parte
1139 5600 1314 5687 infcriori
1341 5600 1446 5685 foliis
1468 5603 1618 5687 nudati.

520 5850 524 5855 .
614 5886 618 5895 ,
651 5760 725 5907 'In
749 5824 880 5907 medio
907 5824 1111 5927 surstuum
1142 5820 1332 5938 Offlculum
1359 5825 1414 5908 est
1448 5824 1614 5961 durum,
1652 5824 1812 5937 lignosis
1838 5822 2049 5910 filamentir
2074 5820 2276 6021 ⁹²³¹}me

683 6002 686 6007 .
1579 5953 1583 5961 ’
1690 5950 1696 5959 ’
1970 5964 1973 5970 “
2221 5959 2279 6023 CX
2298 6003 2312 6025 ·.
