6092 6950
1000 875 1962 992 unnsnnn1cus
2236 921 2312 1030 5,

777 1331 1206 1488 PARJTJ,
1252 1341 1361 1495 seu
1426 1339 2171 1475 TALr-PARJru

922 1665 1380 1834 utssrscus
1470 1671 2026 1786 urimenus.
2227 1592 2230 1604 ⁴

1331 2133 1366 2211 F
1396 2129 1416 2214 I
1445 2135 1501 2214 G.
1565 2163 1630 2244 30.

648 2350 906 2598 PAriti,
936 2378 1024 2461 quae
1052 2350 1219 2432 secunda
1246 2350 1390 2461 species
1428 2353 1483 2433 est
1522 2353 1622 2462 ling.
1683 2353 1922 2435 Bramanum
1954 2353 2219 2470 cari-capnt,
2249 2365 2304 2444 est

810 2463 924 2546 arbor
942 2463 1148 2544 altitudine
1171 2464 1293 2544 trium
1311 2463 1436 2546 ferme
1458 2463 1686 2548 hominum.

704 2687 830 2772 Rasa
847 2686 956 2768 fibris
974 2686 1051 2767 suis
1081 2686 1300 2797 capillaceis
1320 2688 1362 2768 in
1381 2689 1507 2769 latum
1518 2689 1555 2768 se
1576 2687 1818 2770 diffundens.
1848 2671 1850 2676 ⁸

694 2911 856 2995 Gauda
873 2910 1012 2992 crassus
1030 2910 1215 3021 amplexu
1235 2912 1351 2991 unius
1373 2907 1548 2994 hominis
1572 2912 1725 2994 ambitu
1743 2913 1898 2994 minor.

705 3135 823 3221 Romi
835 3116 935 3216 susci
954 3135 1098 3216 cortice
1117 3135 1300 3216 interiore
1321 3135 1449 3216 viridi.

706 3360 826 3455 Folia,
846 3388 933 3469 quae
955 3360 997 3438 in
1020 3359 1133 3439 nodis
1153 3358 1330 3452 solitaria,
1344 3359 1406 3438 vel
1425 3387 1519 3440 cum
1539 3360 1701 3440 novellis
1722 3358 1833 3468 supra
1852 3358 1964 3440 suum
1976 3363 2303 3442 exortumramis

650 3472 693 3553 in
723 3472 879 3581 petiolis
914 3469 1193 3563 mediocribus,
1223 3470 1417 3573 rotundis,
1447 3467 1923 3565 craffioribus,'viridibus
1947 3475 1986 3551 dt
2017 3472 2058 3551 in
2079 3476 2179 3553 resta
2197 3494 2306 3583 parte

650 3585 770 3665 etiam
799 3580 1092 3663 rubescentibus
1119 3582 1368 3688 proveniunt,
1398 3581 1487 3660 sunt
1516 3580 1645 3661 forma
1667 3581 1794 3661 cordis
1824 3579 1989 3662 humani
2010 3584 2157 3664 latioris
2178 3587 2217 3665 dc
2237 3614 2303 3665 ro-

650 3694 860 3788 tundioris,
889 3694 932 3773 in
962 3691 1184 3773 summitate
1216 3691 1571 3801 oblonga-angusta
1607 3693 1765 3803 cuspide
1804 3696 2030 3790 eminentia,
2071 3698 2113 3775 in
2155 3697 2302 3807 postica

552 3830 559 3841 ·
651 3826 760 3919 parte
790 3807 839 3886 ad
868 3804 1061 3917 petiolum
1081 3804 1159 3882 oris
1181 3823 1253 3914 per
1269 3803 1477 3883 incisuram
1496 3804 1678 3898 diduslis,
1709 3805 1750 3885 in
1770 3809 1947 3915 margine
1967 3808 2303 3891 tenuiffimiscre-

652 3920 772 4012 nulis,
803 3934 1034 3998 contextura
1063 3914 1243 3997 solidiora
1263 3918 1319 3995 ,δε
1350 3915 1539 4010 craffiora,
1569 3917 1611 3995 in
1644 3920 1744 3996 reela
1780 3936 1888 4025 parte
1915 3918 2232 4015 viridi-fusciora,
2261 3922 2306 4001 in

649 4026 1172 4224 admpersquiridi-clarissima
1200 4029 1241 4108 dc
1271 4027 1490 4123 albicantia,
1521 4028 1748 4138 lanuginosa
1784 4028 1848 4108 seu
1879 4028 2095 4109 tomentosa
2124 4056 2169 4111 ac
2199 4032 2304 4113 lenia

730 4169 772 4222 ar
824 4160 926 4223 eutr.
1072 4206 1082 4227 2

709 4366 819 4445 Cum
838 4364 941 4444 costa
960 4361 1104 4458 media,
1134 4388 1183 4442 ex
1203 4390 1280 4471 qua
1298 4360 1453 4443 costula
1481 4362 1607 4444 ferme
1626 4362 1727 4445 binae
1747 4365 1787 4444 dc
1806 4362 1908 4443 binae
1927 4382 2071 4444 exeunt
2089 4391 2137 4445 ex
2156 4364 2306 4474 petiolo

650 4494 729 4559 tres
760 4476 945 4583 utrinque
982 4474 1133 4584 Costulae
1160 4474 1425 4583 egrediuntur,
1455 4504 1543 4585 quae
1573 4502 1699 4556 ramos
1730 4476 1815 4555 suos
1838 4474 1902 4555 seu
1932 4477 2052 4557 costas
2083 4475 2306 4558 transversas

651 4589 780 4669 versus
799 4588 1019 4695 marginem
1037 4586 1238 4680 emittunt,
1269 4614 1318 4665 ex
1337 4584 1442 4668 hisce
1460 4587 1586 4669 tribus
1606 4615 1650 4667 ea
1668 4616 1754 4697 quae
1774 4587 1885 4667 costae
1904 4587 2042 4669 mediae
2060 4588 2241 4697 proxima
2251 4586 2306 4671 est

653 4700 842 4780 arcuatim
875 4700 950 4778 alte
981 4698 1165 4791 ascendit,
1194 4696 1361 4806 suntque
1390 4698 1503 4779 costae
1532 4700 1575 4779 in
1598 4699 1635 4779 se
1657 4700 1826 4779 invicem
1849 4699 2038 4779 arcuatim
2060 4701 2304 4779 incurrentes

652 4840 747 4892 cum
765 4809 879 4916 costis
900 4809 1120 4890 minoribus
1139 4809 1266 4889 versus
1296 4812 1516 4920 marginem
1546 4810 1863 4921 superimpositis,
1893 4812 1933 4889 dc
1952 4838 2001 4891 ex
2027 4803 2064 4889 se
2090 4836 2217 4891 ramos
2240 4809 2306 4889 seu

654 4922 833 5003 nervulos
864 4920 1105 5014 transversos,
1136 4922 1206 5029 qui
1225 4939 1367 5002 mutuo
1389 4922 1654 5019 inoculantur,
1685 4920 1962 5021 diffundentes,
1994 4916 2038 5003 ac
2057 4948 2151 5003 curn
2171 4920 2217 5003 iis
2237 4918 2301 5003 so·
2463 4976 2469 4987 ·

653 5030 740 5113 llam
761 5034 803 5112 in
823 5033 975 5113 adversa
992 5051 1101 5143 parte
1119 5033 1351 5114 eminentes.

708 5259 838 5342 Floret
857 5258 926 5366 qui
945 5254 1049 5336 insu
1100 5257 1194 5336 riori
1212 5274 1321 5366 parte
1339 5257 1583 5338 surculorum
1602 5256 1715 5367 supra
1733 5280 1782 5336 ex
1801 5258 1951 5367 origine
1970 5256 2157 5338 foliorum
2176 5256 2306 5367 petio·

653 5369 703 5451 lis
726 5370 945 5449 uncialibus
966 5396 987 5448 c
1058 5394 1092 5447 aa
1111 5370 1152 5447 dt
1170 5366 1360 5448 viridibus
1380 5372 1630 5480 proveniunt,
1660 5370 1748 5449 sunt
1770 5370 1888 5449 etiam
1913 5370 2154 5480 campanula
2183 5370 2305 5478 quin-

655 5508 733 5588 que
767 5480 874 5560 soliis
915 5482 1055 5591 parum
1086 5480 1263 5559 rotundis
1296 5481 1512 5563 constantes
1550 5479 1679 5561 forma
1715 5484 1755 5560 bc
1797 5481 1925 5561 colore
1964 5508 2123 5593 quoque
2162 5480 2305 5563 fimiles

654 5592 704 5670 iis
727 5594 958 5687 Bu-Paritl,
987 5588 1124 5673 verbm
1154 5589 1197 5670 hi
1230 5592 1401 5672 minores
1443 5594 1547 5689 sunt,
1577 5593 1617 5671 dc
1648 5593 1689 5672 in
1734 5595 1916 5685 exteriori
1953 5612 2060 5702 parte
2097 5590 2304 5700 subasperi,

655 5729 728 5781 nec
766 5723 966 5814 tantopere
1002 5705 1039 5784 se
1069 5704 1238 5813 crispant
1266 5732 1311 5783 ac
1340 5722 1564 5817 corrugant,
1596 5703 1762 5813 suntque
1799 5707 1841 5783 in
1865 5704 2039 5784 inferiori
2077 5722 2184 5815 parte
2212 5702 2307 5781 colli

653 5841 737 5893 non
758 5815 839 5894 rosa
863 5816 1265 5927 quinquefolium,
1291 5816 1359 5905 led
1388 5819 1543 5904 macula
1559 5816 1704 5929 ‘grandi
1721 5818 1914 5915 rottmda',
1943 5812 2306 5930 purpureo-rubro·

653 5924 766 6008 valde
783 5923 892 6010 fusca
907 5928 1047 6015 notati.
1374 5924 1383 5933 ’
2116 6016 2121 6025 ,

2165 6039 2200 6121 E
2222 6063 2307 6121 me·
