6092 6950
812 834 877 962 p
1306 801 1978 988 norrun

808 1042 965 1137 inflexa,
994 1071 1166 1152 quorum
1191 1043 1270 1129 duo
1287 1042 1348 1122 vel
1380 1042 1467 1137 tria,
1487 1069 1576 1150 quae
1596 1041 1748 1128 minora
1764 1043 1867 1138 sunt,
1890 1069 1933 1122 ac
1952 1045 2075 1154 magis
2096 1047 2308 1144 incurvata,
2327 1053 2458 1134 colore

676 1193 682 1200 ·
807 1155 989 1248 candido,
1033 1157 1107 1235 tria
1132 1154 1282 1262 reliqua
1307 1154 1438 1234 colore
1476 1155 1643 1248 rosaceo,
1669 1182 1713 1234 ac
1740 1181 1836 1234 cum
1872 1156 1920 1235 iis
1949 1156 2095 1265 filiquae
2127 1188 2288 1269 germen
2316 1163 2357 1241 in
2388 1169 2458 1244 suo

807 1267 956 1376 petiolo
978 1265 1014 1344 se
1035 1267 1178 1376 prodit.

862 1441 929 1521 ad
957 1441 1150 1549 petiolum
1182 1440 1325 1521 florum
1351 1442 1548 1551 Unfilium
1579 1442 1700 1521 viride
1725 1443 1779 1522 est
1803 1442 1952 1523 venulis
1975 1443 2199 1526 striatqu
2231 1393 2340 1556 pssme
2367 1447 2453 1531 solii
2519 1445 2523 1451 .

806 1552 963 1633 funerei
980 1551 1116 1632 florem
1139 1553 1383 1663 succingens,
1412 1581 1457 1632 ac
1475 1580 1676 1665 gemmam
1699 1553 1843 1634 florum
1870 1550 2045 1662 primum
2073 1557 2291 1640 includens.
2423 1635 2427 1644 ,

859 1731 1019 1810 Gemma
1042 1730 1196 1818 Florum
1223 1728 1612 1837 oblongo-rotundae,
1640 1729 1689 1808 ad
1716 1729 1983 1812 summitatem
2010 1734 2297 1814 contractiores.

857 1905 949 1986 Post
994 1905 1105 1985 flores
1143 1904 1290 2014 siliqua
1322 1904 1503 2011 oblongae
1543 1900 1654 1982 valde
1697 1903 1931 2012 comprefl'ae,
1976 1909 2100 1998 redlae,
2138 1905 2295 2016 glabrae,
2325 1907 2452 2018 longae

801 2014 962 2124 septem,
982 2010 1118 2098 ouove'
1137 2015 1289 2095 circiter
1314 2015 1476 2124 pollices
1503 2015 1710 2124 prodeunt.

856 2161 974 2242 Fobae
999 2187 1086 2270 quar
1124 2159 1230 2238 intus
1259 2160 1525 2251 continentur,
1556 2158 1680 2266 planae
1707 2159 1797 2237 sunt
1817 2184 1862 2236 ac
1894 2157 2069 2267 oblongo
2099 2160 2288 2254 rotunde,
2319 2160 2449 2240 colore

798 2270 890 2349 albo
908 2272 1006 2350 dum
1035 2273 1268 2364 immaturae,
1298 2271 1396 2349 dum
1421 2269 1512 2349 verb
1538 2271 1659 2361 ficcae,
1699 2270 1830 2349 colore
1858 2268 1960 2349 ruffo
1989 2269 2052 2348 seu
2079 2271 2446 2350 flavo-rubescente-

797 2381 964 2462 obscuro
993 2383 1042 2460 ad
1080 2380 1300 2494 spodiceum
1335 2399 1531 2492 vergente,
1556 2381 1766 2492 jacentque
1794 2383 1836 2462 in
1872 2381 2037 2490 propriis
2081 2381 2221 2462 loculis
2260 2411 2353 2464 cum
2383 2383 2449 2462 fita
2484 2375 2490 2380 ⁵

796 2491 1044 2600 longitudine
1068 2494 1132 2571 in·
1148 2492 1353 2572 latitudine
1378 2493 1605 2600 filiquarum
1638 2518 1780 2570 corneo
1817 2519 1862 2569 ac
1891 2489 1989 2572 duro
2021 2492 2336 2602 intersepimento
2361 2491 2384 2572 ὲ
2411 2493 2448 2578 se

795 2605 966 2684 invicem
994 2603 1171 2710 sejuncta
1198 2631 1293 2682 cum
1326 2631 1446 2710 parvo
1476 2602 1671 2681 umbilico
1710 2603 1751 2680 in
1794 2603 1936 2681 vertice
1955 2602 2151 2708 juncturis
2181 2603 2345 2684 laterum
2365 2602 2444 2682 fili-

795 2741 965 2823 quarum
992 2713 1194 2794 herentes.

846 2872 959 2953 Toto
977 2897 1080 2953 anno
1106 2867 1191 2948 haec
1210 2871 1325 2948 arbor
1351 2866 1428 2950 fert
1460 2869 1572 2950 flores
1592 2887 1770 2979 tempore
1795 2867 1973 2976 pluvioso
1993 2869 2162 2952 uberiori
2181 2889 2387 2981 proventu.

847 3011 1284 3101 Schroanna-Manda‘ru
1302 3008 1456 3090 Malab.
1477 3008 1530 3085 fic
1548 3007 1650 3084 dicta
1677 3003 1700 3083 ὲ
1727 3001 1886 3082 floribus
1906 3028 2004 3108 quos
2034 3001 2171 3084 rubros
2197 3003 2328 3088 habet.

1322 3149 1594 3230 urnas
1663 3143 1898 3252 nJun

856 3279 963 3364 Adix
985 3279 1026 3358 in
1046 3261 1210 3358 decuero'
1225 3274 1312 3352 data
1340 3271 1452 3352 flatus
1470 3268 1629 3348 discutit
1652 3271 1691 3348 &
1720 3269 1936 3348 lumbricos
1961 3270 2003 3349 in
2023 3271 2151 3380 pueris
2182 3295 2332 3370 enecat,
2366 3263 2444 3360 hoc

878 3391 999 3472 modo
1013 3389 1167 3499 sumpta
1192 3413 1287 3464 curn
1317 3379 1495 3463 saccharo
1522 3383 1562 3460 dc
1593 3379 1711 3459 melle
1740 3381 1852 3491 pellit
1883 3381 2013 3460 tuffim
2033 3383 2277 3491 &pituitam
2302 3387 2429 3470 solvit.

789 3504 926 3583 Cortex
938 3502 1130 3581 contritus
1150 3527 1193 3578 ac
1212 3525 1307 3575 cum
1325 3524 1438 3605 aqua,
1469 3496 1510 3572 in
1537 3522 1615 3601 qua
1645 3497 1776 3603 Oryza
1795 3493 1876 3572 lota
1901 3492 1968 3585 est,
1992 3496 2032 3575 in
2048 3494 2198 3575 lotione
2223 3497 2440 3596 adhibitus,

787 3610 1022 3692 humoribus
1054 3610 1258 3689 evocandis
1275 3608 1441 3687 confert.
1501 3606 1628 3685 Flores
1647 3633 1741 3682 cum
1767 3602 1946 3683 saccharo
1965 3604 2114 3684 decocti
2133 3606 2307 3715 proficui:
2330 3611 2440 3691 usur-

784 3742 934 3833 pantur
957 3724 1047 3801 loco
1075 3719 1243 3800 sacchari
1268 3719 1381 3800 rosati
1405 3744 1479 3825 pro
1504 3716 1586 3793 leni
1613 3716 1832 3821 purgativo.

1469 3853 1508 3929 F
1535 3853 1564 3927 I
1587 3852 1637 3928 G.
1701 3876 1766 3956 32.

825 3982 961 4049 Arbores
975 3980 1062 4047 hasce
1076 3992 1221 4061 quatuor,
1232 3977 1376 4041 foliorum
1390 3974 1521 4039 divisuri
1533 3973 1592 4035 im·
1667 3974 1803 4039 Minime
1823 3976 1894 4039 verb
1920 3976 2008 4038 hasce
2034 3975 2153 4039 arbores
2164 3984 2291 4049 easdem
2318 3984 2439 4061 censeo,

807 4072 890 4134 rimis
907 4064 1051 4151 infirmes,
1066 4068 1105 4131 ab
1120 4066 1186 4129 aliis
1200 4064 1362 4144 descriptas
1378 4082 1441 4127 non
1457 4058 1592 4125 invenio.
1625 4082 1696 4135 curn
1708 4062 1848 4126 aromo
1863 4062 1963 4125 Sanno
1985 4056 2098 4128 ‘l'hrm
2108 4065 2222 4151 Αιςβι,
2234 4068 2293 4132 five
2311 4066 2440 4145 Maure,

784 4090 895 4217 lrioris
919 4155 1073 4217 ramulum
1099 4149 1243 4213 ticcatnm
1266 4166 1339 4211 anre
1361 4146 1524 4211 biennium
1552 4163 1592 4205 ex
1625 4150 1712 4233 cujus
1740 4146 1903 4211 Historiam
1927 4146 2027 4211 videre
2054 4146 2138 4221 licet,
2165 4150 2219 4216 lib.
2253 4158 2439 4221 Aromarum

785 4240 888 4301 Zeilan
927 4238 1030 4301 lnsula
1050 4233 1212 4299 transmitit
1243 4232 1402 4299 Dominus
1437 4228 1594 4305 Hermam,
1627 4229 1706 4313 Cap.
1726 4252 1789 4295 κη.

783 4324 885 4387 addita
900 4324 1034 4407 sequenti
1053 4322 1260 4403 inscriptione.
1669 4313 1844 4379 Commode
1861 4332 1963 4379 autern
2004 4314 2111 4377 rimam
2122 4316 2263 4399 appellari
2279 4320 2438 4403 pollerent

825 4409 918 4471 Arbor
944 4408 1043 4470 Sancti
1067 4402 1190 4467 Thomae.
1245 4402 1280 4463 In
1296 4399 1421 4481 floribus
1456 4412 1595 4483 apparent
1627 4400 1761 4467 Arboreae
1780 4400 1937 4485 filiquojirm
1973 4337 2200 4479 dlnhbarr'cam,
2220 4404 2306 4487 soriis
2331 4406 2436 4491 bifidis,

772 4493 1060 4662 sangaineaeDstrir}
1078 4484 1371 4637 abdeplrsoDsonffne
1395 4482 1598 4635 afflixi
1621 4488 1692 4567 flore
1702 4486 2038 4571 purpuraseemestriaro.

783 4594 887 4643 enata.
965 4597 1198 4641 eruerentur
1249 4617 1259 4637 .
1320 4592 1418 4633 enarr
1496 4592 1516 4635 a

780 4667 817 4733 (θ’
837 4664 952 4729 Zeilou.

776 4979 1130 5053 ·BAUH1N1A
1175 4972 1564 5045 VARIEGATA.
1884 4974 2213 5057 synonymarum.

1056 5090 1074 5129 t
1098 5088 1118 5129 L
1142 5086 1166 5128 Α
1191 5086 1205 5128 ³
1229 5086 1243 5127 ⁵
1268 5086 1281 5127 ¹
1305 5086 1320 5127 ⁸
1668 5090 1819 5160 Baubinia
1830 5092 1910 5155 foliis
1924 5089 2167 5155 cordatis210bir
2180 5089 2360 5155 coadunatis
2374 5094 2433 5157 ob·

778 5171 1164 5221 nucaunrtra
1209 5162 1586 5213 uouoouuta.
1625 5178 1708 5242 tusis·

1013 5254 1170 5319 cumana
1186 5250 1339 5335 gosericus.
1666 5262 1768 5327 Arbor
1790 5259 1813 5324 s.
1841 5258 1978 5323 Thomae
2001 5259 2023 5324 s.
2051 5260 2171 5323 Affitra.
2219 5256 2344 5327 Zenon.
2361 5262 2432 5331 hill.

820 5343 892 5414 Cal.
915 5340 1043 5427 slidus,
1068 5339 1226 5404 deciduus.
1271 5334 1376 5406 Petale
1391 5330 1506 5416 patula,
1529 5329 1586 5393 ob·
1625 5351 1793 5428 260215·

778 5431 886 5529 longa,
909 5426 1132 5526 unguiculata:
1157 5421 1308 5505 superiore
1333 5422 1430 5507 magis
1445 5414 1586 5491 distante,
1923 5459 2144 5544 OEsmtims.

775 5537 879 5579 omma
893 5514 994 5599 calycr
1010 5513 1130 5575 mserta.
1153 5506 1327 5591 Legumen.

1031 5596 1142 5659 Nomen
1151 5592 1320 5678 specificam.
1666 5583 1794 5647 Habitat
1807 5584 1837 5645 in
1850 5578 2045 5655 Melabariae,
2057 5578 2195 5644 Maderae
2204 5576 2344 5643 arenosis.

816 5682 1037 5755 Baubiniat'ol.
1053 5681 1204 5751 cordatis:
1228 5677 1308 5742 lobir
1328 5674 1505 5744 coadunatis
1526 5673 1583 5739 ob·
1666 5670 1803 5732 Corollae
1833 5684 1986 5749 patentes:
2032 5664 2141 5729 Petalis
2178 5666 2288 5739 oratis,
2319 5662 2431 5742 acutir,

771 5768 856 5834 tutio.
1624 5755 1727 5836 roseis,
1742 5754 1828 5819 luteo
1838 5772 2051 5837 purpureoque
2065 5750 2237 5833 variegatis.
2281 5746 2387 5812 Lrnu.

1104 5974 1135 6055 2
1185 5944 1191 5951 ’
2005 5930 2431 6017 croANNA·
