6092 6950
953 853 1896 970 Mutunnutcus
2182 891 2247 998 39

722 1317 2206 1440 CHOVANNA-MANDARM.

810 1596 1360 1706 BAUHINIA
1448 1595 2017 1706 PURPURssn

1292 2075 1460 2165 ΝΟ.
1523 2101 1588 2194 33'.

729 2257 1141 2351 lfomana-Mundum
1169 2267 1351 2364 secunda,
1377 2295 1464 2380 quae
1500 2271 1554 2348 est
1593 2269 1758 2350 secunda
1787 2267 1933 2378 species
1956 2265 2177 2360 Maadara·,·
2204 2266 2257 2344 est
2315 2321 2319 2329 ·
2404 2208 2409 2218 Ι

740 2407 897 2488 quoque
916 2381 1030 2460 arbor
1057 2404 1216 2489 procera·
1242 2403 1288 2462 ut
1311 2385 1437 2493 prima
1466 2383 1607 2493 species
1627 2383 1750 2462 tlensrs
1769 2380 1974 2461 frondibus
2002 2376 2080 2458 late
2093 2405 2097 2412 ·
2110 2378 2254 2488 sparsis,
2348 2402 2353 2411 ·

741 2491 971 2600 noscensque
990 2493 1030 2570 in
1059 2495 1234 2573 arenosrs.
1982 2541 1990 2554 ,
2264 2525 2268 2535 ’

591 2739 596 2752 ·
674 2711 798 2791 Radix
814 2713 927 2793 crassa
946 2712 1104 2796 brachia
1130 2716 1171 2794 in
1201 2715 1325 2796 latum
1348 2715 1585 2796 diffundens.

675 2933 823 3016 Caudex
841 2953 1000 3044 quoque
1025 2881 1163 3018 crassus
1183 2965 1309 3020 unum
1337 2933 1460 3018 ferme
1478 2938 1633 3048 pedem.

676 3157 782 3238 Folia
810 3159 968 3265 quoque
1000 3158 1119 3239 bifida
1146 3188 1190 3239 ac
1210 3155 1390 3242 interiora
1418 3151 1544 3240 versus
1572 3145 1758 3241 nonnibil
1781 3144 1906 3238 clausa
1931 3155 2109 3270 proximi:
2129 3158 2266 3237 fimilia

620 3269 757 3377 prioris
787 3269 923 3375 speciei
959 3269 1081 3364 foliis,
1110 3271 1172 3350 sed
1210 3274 1256 3352 iis
1292 3295 1335 3353 ut
1375 3278 1414 3354 δι
1452 3275 1596 3352 caeteris
1635 3275 1793 3378 major-a,
1824 3270 1989 3377 suntque
2020 3267 2265 3376 profundiori
2371 3307 2375 3314 ·
2549 3284 2554 3292 ’

620 3379 750 3457 fissura
772 3379 894 3456 incisu
916 3379 1044 3488 quum
1068 3383 1139 3460 illu
1160 3385 1297 3491 primae'
1320 3386 1469 3495 speciei,
1501 3387 1540 3462 δι
1570 3384 1756 3461 anteriora
1788 3381 1913 3493 versus
1940 3379 2122 3458 lateribus
2147 3377 2266 3489 paulb

621 3490 746 3599 magis
772 3492 1105 3586 contractioribus,
1137 3496 1240 3571 tastu
1259 3492 1360 3573 lb'nia
1379 3498 1420 3573 in
1448 3494 1599 3574 adversa
1617 3510 1737 3603 parte,
1767 3491 1837 3570 ubi
1857 3491 2004 3570 venulae
2029 3492 2130 3570 inter
2147 3490 2267 3570 costas

621 3601 863 3723 intermedie
886 3598 1016 3682 m'inb's
1036 3596 1198 3700 exstant,
1228 3605 1356 3685 colore
1381 3606 1504 3714 magia
1533 3602 1664 3714 hyalo;
1694 3606 1738 3683 in
1757 3607 1858 3683 reeta
1875 3600 2183 3682 midi-nsum.

680 3825 818 3915 Flores,
849 3824 925 3932 qui¹
947 3824 1124 3905 unisolio·
1147 3825 1504 3907 viridi-flavescente
1547 3830 1586 3906 br
1624 3826 1861 3918 rubestente,
1909 3824 2096 3916 crasllolo,
2126 3825 2270 3933 plicato

625 3936 890 4043 &segmentis
911 3937 951 4013 in
982 3936 1155 4016 inferiori
1181 3957 1287 4047 parte
1315 3939 1527 4017 fenestrato-
1552 3938 1849 4047 succinguntur,
1877 3938 2053 4051 quinque
2075 3938 2196 4014 etiam·
2210 3936 2271 4014 vel

627 4044 692 4123 sex
722 4045 897 4124 constant
927 4045 1032 4126 soliis
1061 4048 1557 4159 oblongo-angustioribus,
1587 4075 1675 4157 quae
1694 4048 1917 4157 unguiculis
1946 4047 2198 4155 longiusculis
2232 4045 2272 4125 &l

627 4156 795 4263 angustis
811 4155 913 4249 sunt,
943 4158 1072 4238 colore
1091 4152 1418 4269 purpureossvald'e
1437 4161 1670 4252 rubicundo,
1701 4178 1867 4267 quatuor
1903 4156 2121 4235 aurumve]
2151 4158 2271 4267 quin-

628 4293 719 4374 que,
749 4285 832 4345 tota
870 4268 1067 4376 superficie
1106 4288 1186 4350 tam
1226 4274 1418 4365 exteriori,
1461 4270 1581 4378 quam
1619 4272 1791 4349 interiori
1823 4268 2272 4379 purpureo-rubicunda,

629 4404 756 4455 unum
774 4378 822 4456 ad
840 4379 1031 4487 petiolum
1050 4382 1155 4459 intus
1184 4384 1350 4462 &extra
1373 4383 1470 4462 striis
1492 4381 1590 4466 albis
1606 4381 1763 4461 venulas
1792 4381 1894 4461 inter
1910 4406 2120 4489 purpureas
2140 4378 2274 4489 depic-
2363 4376 2367 4383 ’

614 4504 720 4598 Δτιιιῃ
749 4515 792 4568 ac
811 4490 1047 4597 variegatum
1074 4492 1140 4571 est.
2387 4498 2391 4512 ’

690 4711 858 4791 Stamina
885 4738 971 4820 quae
992 4710 1150 4793 vsolium
1196 4714 1449 4825 variegatum·
1471 4743 1565 4794 cum
1611 4716 1686 4795 suis
1722 4714 1898 4823 apicibus
1926 4710 2196 4806 viridi-,dilutis
2232 4738 2286 4825 ac·

631 4820 923 4901 flavescentibus
941 4822 1083 4905 inflexa
1106 4822 1328 4932 respiciunt,
1345 4828 1429 4921 tria,
1450 4846 1630 4935 quatuor,
1649 4826 1711 4905 vel
1730 4828 1905 4934 quinque
1920 4825 2008 4903 sunt
2027 4851 2071 4901 ac
2091 4823 2306 4916 craffiora,·

634 4959 678 5011 ac
713 4931 761 5010 ad
787 4951 969 5013 exortum
1007 4934 1071 5013 sex
1097 4934 1289 5043 septemve
1313 4940 1493 5048 plurimis
1522 4939 1648 5048 parvis
1681 4936 1889 5017 filamentis
1923 4936 2122 5027 comitata,
2136 4934 2281 5040 ‚colore

634 5044 964 5235 purppreo-rgailde
989 5044 1115 5127 diluto
1139 5046 1204 5126 seu
1220 5046 1423 5132 albicante.
1483 5052 1591 5131 Inter
1616 5049 1777 5131 stamina
1796 5049 1942 5158 Siliquae
1960 5072 2117 5155 germen
2135 5045 2283 5158 petiolo

655 5180 707 5233 uo
749 5181 861 5263 epro
903 5174 933 5235 t.

698 5379 856 5459 Gemmae
879 5380 1030 5461 Florum
1052 5381 1408 5491 quinquangulbtae.

695 5598 844 5710 Siliquae
861 5596 979 5709 hujus
1007 5604 1189 5685 omnium
1217 5604 1431 5714 specierum
1457 5602 1629 5689 maxims
1658 5605 1785 5716 longe
1812 5599 2191 5715 sesquilspithamam
2220 5616 2289 5680 aut

639 5708 879 5901 {piopbduas
905 5732 1112 5824 aequantes,
1142 5717 1348 5799 latitudine
1375 5719 1566 5829 pollicari,
1595 5719 1719 5833 planae
1738 5744 1897 5827 quoque
1916 5714 2149 5827 compresse,
2179 5715 2289 5793 reuae

700 5848 765 5931 ga
793 5848 857 5905 rae.
970 5866 972 5871 v

1426 5996 1501 6083 12
1533 5940 1539 5947 ·
1576 6094 1579 6101 ¹
2162 5990 2294 6083 Faba,
