6092 6950
706 819 738 886 a
1064 865 1097 916 .·
1219 779 1892 916 HORTUS..

707 1002 925 1112 gratissimi,
954 999 1140 1082 aemulans
1162 999 1369 1111 juglandes
1399 999 1596 1094 nostrates,
1613 997 1746 1108 estque
1765 999 1806 1080 in
1828 997 1967 1080 eduliis
1996 999 2107 1081 acab
2136 999 2358 1114 elephanti-

708 1117 783 1196 bus
797 1117 970 1198 maxime
987 1115 1221 1224 expetitum,
1251 1114 1323 1222 qui
1335 1113 1388 1262 qb
1416 1115 1500 1220 ejus
1514 1109 1734 1222 appetitum
1749 1111 1902 1196 arbores
1921 1108 2255 1202 hasceeradicant.

763 1325 1032 1436 Ramistrliacei
1055 1326 1249 1462 fimplices
1269 1324 1372 1418 sunt,
1403 1325 1445 1403 in
1474 1323 1605 1404 nullos
1634 1322 1729 1403 alios
1758 1322 1882 1420 divifi,
1912 1324 1953 1402 in
1983 1323 2081 1434 pede
2109 1353 2190 1433 quo
2220 1328 2356 1408 caudi-

706 1467 796 1518 cem
834 1443 1010 1548 primum
1049 1429 1160 1516 arste'
1196 1437 1513 1547 complectuntur
1537 1435 1710 1514 interius
1738 1433 1859 1546 plani,
1903 1457 1946 1514 ac
1979 1434 2162 1516 nonnihil
2195 1441 2358 1522 concavi

703 1578 749 1628 uc
767 1548 930 1660 superne
950 1545 1109 1628 interius
1128 1549 1170 1628 in
1199 1567 1376 1628 ventrem
1403 1567 1565 1628 acutum
1592 1547 1805 1640 extenuati,
1836 1543 2003 1628 exterius
2032 1547 2226 1630 intutum
2251 1577 2353 1632 con-

703 1663 808 1756 vexi,
839 1663 880 1740 in
909 1660 990 1740 ima
1010 1679 1116 1770 parte
1144 1660 1254 1769 pedis
1279 1660 1433 1740 latiores
1461 1663 1501 1740 δι
1521 1658 1613 1738 inde
1627 1656 1764 1738 senfim
1792 1658 1834 1737 in
1860 1657 2067 1768 angustum
2094 1665 2283 1742 contradi
2310 1693 2354 1744 ac

703 1773 746 1852 in
789 1776 866 1873 oris
895 1770 1108 1864 extenuati,
1138 1775 1178 1852 δι
1207 1771 1426 1864 reticulam,
1456 1797 1556 1864 raro,
1586 1767 1797 1850 ruffofirsco
1826 1771 1986 1865 cortice,
2016 1771 2127 1878 cujus
2155 1767 2355 1856 filamenta

701 1909 752 1964 ex
771 1885 848 1963 oris
867 1883 976 1993 pedis
1006 1882 1191 1990 utrinque
1220 1883 1414 1992 prodeunt
1444 1883 1647 1961 caudicem
1672 1882 1848 1992 primum
1867 1883 2222 1964 circumvestientes'
2250 1913 2294 1965 ac
2315 1887 2352 1966 se

701 2015 843 2074 mutuo
871 1997 1126 2103 obtegentes;
1156 1994 1322 2101 suntque
1349 1993 1475 2074 vestiti
1504 1994 1650 2073 cortice
1679 1991 1776 2072 flavo
1803 1993 1919 2073 viridi
1936 2019 1980 2073 ac
2009 1993 2115 2072 intus
2141 1994 2351 2077 filamentis
2479 2089 2483 2098 ¹

699 2104 858 2215 lignofis
887 2108 1019 2185 minus
1049 2105 1154 2186 duris
1169 2106 1334 2185 mollem
1348 2107 1450 2186 inter
1464 2117 1620 2184 carnem
1634 2103 1868 2184 albicantem
1887 2107 2074 2216 pertextis
2102 2107 2346 2203 constantes;

698 2219 768 2324 qui
797 2218 1021 2299 vetustiores
1051 2214 1183 2296 suntd
1210 2218 1369 2297 caudice
1397 2246 1440 2296 m
1491 2218 1500 2234 '
1551 2215 1762 2296 defledlunt
1789 2243 1833 2295 ac
1862 2215 1980 2326 pandi
1997 2215 2099 2312 sunt,
2129 2218 2221 2298 dein
2238 2219 2346 2302 deci·

697 2329 799 2407 dunt
821 2321 935 2409 ‘alter
979 2328 1066 2438 post
1102 2329 1270 2408 alterum
1297 2243 1542 2440 tempoalblls
1571 2327 1772 2432 ordinatis,
1803 2327 1901 2409 dum
1928 2327 1995 2408 alii
2032 2355 2081 2408 ex
2123 2329 2347 2412 summitate

691 2435 868 2521 ¹caudicis
896 2441 945 2520 de
969 2466 1073 2520 novo
1100 2459 1328 2550 erumpunt.

749 2647 870 2739 Folia,
901 2673 987 2753 quae
1006 2644 1242 2754 superiorem
1260 2660 1411 2752 partem
1425 2670 1625 2724 ramorum
1638 2642 1959 2727 circumvestiunt
1973 2647 2020 2728 ad
2034 2668 2185 2758 partem
2205 2679 2343 2736 eorum

692 2757 851 2868 planam
866 2758 935 2836 ubi
963 2757 1005 2834 in
1031 2773 1208 2834 ventrem
1235 2755 1434 2834 extenuati
1453 2754 1557 2848 sunt,
1589 2755 1772 2864 utrinque
1794 2755 1835 2836 in
1857 2759 1935 2837 oris
1957 2759 2152 2868 prodeunt
2179 2763 2342 2874 oblique

691 2897 742 2948 ex
762 2867 916 2950 adverso
942 2869 1026 2961 fita,
1056 2867 1223 2976 suntque
1250 2864 1608 2976 oblongo-angusta
1634 2864 1883 2976 longitudine
1910 2870 2000 2980 plus
2029 2873 2160 2952 minus
2191 2874 2341 2984 sesqui·
2416 2935 2420 2944 »

690 2981 833 3075 cubiti,
864 2979 1070 3060 latitudine
1099 2979 1221 3057 trium
1241 2977 1543 3058 transversomm
1562 2976 1778 3086 digitorum
1797 2979 1845 3058 ab
1864 2981 2016 3090 origine
2037 2981 2174 3064 sensim
2204 2987 2246 3066 in
2268 3007 2340 3068 a‘n-

719 3091 848 3172 ustum
867 3094 1076 3184 eontracta,
1096 3087 1307 3224 ¹superficie
1330 3088 1443 3170 valde
1468 3089 1596 3198 plana,
1616 3090 1736 3172 venis
1762 3090 1955 3200 parallelis
1984 3119 2028 3173 ac
2060 3094 2267 3179 subtilibus
2296 3101 2339 3180 in

688 3119 856 3312 longum
869 3203 1012 3282 ‘striata
1030 3197 1192 3280 inferius
1220 3227 1315 3280 cum
1343 3197 1473 3279 sutura
1491 3199 1684 3280 albicante
1703 3199 1870 3282 subflava
1887 3230 1974 3310 quae
1992 3201 2034 3284 in
2063 3207 2254 3315 angulum
2271 3211 2339 3290 in-

686 3312 786 3392 flexa
800 3315 867 3409 est,
897 3314 1038 3393 inserta
1063 3311 1166 3406 suut,
1195 3339 1240 3391 ac
1271 3309 1398 3392 versus
1417 3311 1650 3392 exteriorem
1669 3329 1819 3422 partem
1833 3342 1882 3394 ex
1897 3315 2042 3423 angulo
2066 3316 2204 3398 suturae
2232 3349 2339 3401 non-

684 3423 787 3505 nihil
819 3424 956 3521 clausa,
973 3427 1027 3516 ‚bc
1054 3425 1095 3504 in
1117 3423 1306 3517 interiori,
1336 3443 1426 3531 qtrae
1452 3441 1548 3503 cum
1574 3423 1749 3505 iraterlori
1776 3423 1977 3536 superficie
2005 3429 2103 3507 rami
2134 3435 2336 3530 convenit,

682 3536 789 3617 costa
815 3536 891 3617 alte
918 3538 1133 3629 eminente,
1163 3563 1250 3643 quae
1269 3536 1502 3615 exteriorem
1530 3554 1682 3645 partem
1700 3536 1808 3617 sulco
1827 3536 1947 3633 strias,
1977 3538 2020 3617 in
2046 3540 2179 3621 medio
2197 3542 2333 3643 obsita,

682 3649 819 3729 viroris
852 3648 952 3729 fusci
993 3651 1033 3728 ἃ
1072 3648 1247 3739 nitentis,
1278 3640 1372 3726 clam
1404 3643 1662 3757 marcescunt,
1693 3644 1932 3741 flavescente,
1963 3648 2172 3759 saporis&
2201 3657 2332 3739 odoris

681 3760 830 3842 nullius
850 3763 920 3841 nifi
945 3758 1149 3869 sylvestris.

735 3966 858 4074 Supra
875 3990 924 4043 ex
943 3964 1142 4047 Remorum
1159 3964 1199 4047 F
1197 3962 1405 4045 olrirceorum
1422 3980 1561 4049 exortu
1573 3991 1621 4045 ex
1635 3960 1792 4049 Caudice
1803 3964 1984 4051 oriuntur
2003 3968 2132 4087 Capfi
2149 3976 2334 4091 oblongae

677 4076 720 4155 in
741 4080 884 4185 quibus
904 4078 1031 4159 Floras
1054 4077 1094 4154 δι
1124 4078 1290 4157 Ρνιιὲἵω
1319 4076 1440 4153 teneri
1470 4074 1586 4154 fimul
1616 4076 1753 4158 inclufi
1784 4077 1872 4159 sunt
1901 4080 2064 4164 surculis
2095 4086 2328 4187 inficientem

677 4186 768 4271 sunt
794 4207 927 4269 autem
954 4186 1075 4298 capsae
1105 4185 1281 4267 rotundae
1310 4188 1352 4265 bc
1384 4183 1568 4265 nonnihil
1599 4189 1737 4298 planae,
1768 4210 1844 4272 tres
1874 4212 2088 4301 quatuorve
2118 4197 2328 4307 spithamas

677 4298 820 4409 longae,
850 4300 899 4381 ad
917 4300 1112 4407 originem
1130 4296 1368 4489 angustiores
1392 4300 1439 4378 ἃ
1469 4296 1658 4395 flaviores,
1687 4304 1727 4381 dc
1747 4302 1789 4383 in
1809 4306 1952 4385 vertice
1978 4306 2020 4385 in
2037 4334 2188 4389 conum
2207 4310 2328 4399 stricti

674 4412 795 4491 medii
815 4412 931 4521 digiti
949 4408 1168 4490 latitudine.
1192 4434 1300 4490 erme
1318 4410 1361 4489 in
1386 4410 1532 4491 cortice
1560 4413 1685 4494 cmffae
1714 4414 1822 4495 venis
1845 4414 2131 4528 filamentisque
2168 4422 2332 4531 lignofis

607 4547 613 4557 ·
674 4523 716 4601 in
735 4523 904 4632 longum
922 4522 1073 4615 striatae,
1102 4521 1270 4601 exterius
1289 4520 1431 4601 virides
1463 4550 1508 4604 ac
1527 4522 1643 4603 sulcis
1667 4525 1826 4635 lirisque
1848 4554 1935 4639 quae
1954 4529 2002 4611 ad
2020 4556 2210 4615 cacumen
2229 4562 2330 4647 pro-

672 4632 889 4728 fundiores,
918 4653 1092 4731 exarata,
1122 4633 1284 4715 interius
1302 4632 1512 4718 albicantes
1532 4637 1571 4716 be
1590 4636 1747 4744 glabre.

730 4803 881 4887 Surculi
903 4805 1112 4914 Frublffi’ri
1141 4805 1238 4885 dum
1271 4808 1312 4887 in
1343 4807 1454 4917 capsa
1474 4809 1613 4892 inclufi
1633 4810 1722 4890 sunt
1740 4810 1866 4921 glabri
1886 4814 1926 4893 δε
1946 4815 2114 4897 nitentes
2133 4817 2183 4898 ad
2200 4820 2331 4932 origi--

673 4945 767 4997 nem
780 4914 1011 5027 glandulofi,
1041 4918 1215 5027 angulati
1248 4921 1287 4999 δι
1316 4918 1598 5001 undulantibus
1627 4922 1777 5006 lacunis
1807 4922 1956 5019 inflexi,
1988 4921 2055 5005 alii
2073 4924 2228 5025 restibs,
2257 4934 2331 5019 alii

672 5029 792 5108 ductu
812 5023 950 5136 pariam
979 5026 1199 5138 serpentino
1226 5050 1472 5115 excurrentes
1501 5032 1635 5112 medio
1662 5060 1772 5113 ramo
1802 5034 1969 5115 craffio'ri
1997 5041 2217 5120 coronatim
2244 5047 2329 5125 cir-

672 5140 896 5249 cumpositi,
926 5141 1106 5223 &versus
1136 5140 1338 5253 cuspidem
1365 5142 1485 5255 capsae
1511 5146 1554 5225 in
1574 5144 1781 5253 angustum
1810 5149 2011 5244 contradi,
2043 5149 2160 5231 denso
2188 5152 2325 5237 ordine

672 5251 773 5362 adse
793 5269 933 5332 mutuo
960 5256 1060 5331 arcte
1086 5254 1225 5334 confiti
1252 5282 1296 5335 ac
1317 5285 1361 5335 ru
1393 5274 1430 5334 ta
1448 5255 1559 5367 capsa
1587 5284 1634 5337 ex
1660 5254 1791 5337 medio
1809 5285 1918 5338 ramo
1945 5259 1983 5337 se
2013 5262 2255 5343 transversam
2280 5269 2323 5349 in

671 5364 809 5443 orbem
843 5362 1083 5469 expandunt,
1113 5365 1280 5473 suntque
1308 5285 1434 5447 veliti
1467 5367 1613 5447 cortice
1645 5367 1832 5461 craffiolo,
1862 5370 2156 5477 primumcum
2182 5378 2330 5461 molles

673 5504 716 5554 ac
737 5476 859 5555 teneri
873 5476 912 5553 bc
928 5476 969 5556 in
992 5476 1103 5586 capsa
1123 5476 1261 5557 inclusa
1280 5477 1441 5559 subflavi
1469 5481 1510 5559 &
1539 5478 1893 5563 flavo-albescentes
1913 5509 1956 5561 ac
1985 5482 2075 5564 dein
2096 5488 2220 5597 magis
2250 5488 2320 5569 fla-

672 5586 865 5667 vescentes
898 5614 941 5665 ac
974 5587 1231 5683 rubescentes,
1261 5589 1348 5699 post
1380 5590 1649 5673 viridescentes
1662 5630 1674 5686 3
1706 5592 1748 5669 in
1784 5588 1890 5671 hisce
1933 5594 2097 5677 Sur-culti
2124 5598 2165 5675 in
2202 5602 2330 5713 Capsta:

672 5700 800 5789 Flora
826 5702 866 5777 δι
892 5702 1055 5781 Fruatur
1081 5728 1129 5781 ex
1148 5701 1283 5780 ordine
1311 5704 1561 5810 proveniunt,
1593 5722 1637 5789 ut
1664 5705 1829 5791 Fructus
1855 5704 1899 5789 in
1927 5706 2176 5791 inferioribus
2195 5716 2327 5823 parti-2

671 5808 746 5894 bus
763 5809 952 5923 prodeant
971 5840 1092 5930 quam
1121 5812 1265 5901 Gemma
1281 5814 1455 5905 Florum.
2125 5828 2128 5833 ‘

840 5936 860 5995 s
1725 5966 1727 5977 ·
2163 5924 2329 6021 omma
2455 5940 2458 5947 ’
