6092 6950
1012 777 1970 924 nasasnnrcus
2248 857 2308 950 33

787 1271 851 1393 n
1064 1207 1212 1391 n·
1324 1271 1386 1385 n
1600 1271 1684 1390 Ν
1892 1272 1950 1386 c
2137 1269 2186 1386 J.

964 1529 1510 1644 urnusors
1607 1533 2011 1644 annum.

1328 1986 1498 2073 FIG.
1562 2013 1629 2071 20.

659 2221 665 2237 ·
772 2178 899 2288 Lsngi
919 2175 1055 2288 lingua
1084 2179 1323 2259 Bramanum
1355 2178 1518 2273 Vavdlli,
1548 2179 1602 2259 est
1632 2179 1746 2259 arbor
1777 2203 1935 2288 procera
1962 2175 2167 2259 frondibus
2188 2177 2309 2258 densis

652 2191 772 2433 E
785 2294 826 2372 bt
844 2290 974 2400 opacis
999 2287 1079 2371 late
1098 2290 1243 2401 sparsis,
1271 2289 1517 2400 nasciturque
1540 2292 1582 2371 in
1611 2292 1789 2372 arenosis.
1937 2302 1940 2310 '
2358 2303 2360 2310 ⁴

660 2561 665 2572 ,
707 2513 831 2594 Radix
856 2513 971 2594 crassa
1002 2517 1043 2594 bc
1076 2511 1154 2594 alte
1190 2515 1226 2594 se
1265 2515 1307 2592 in
1352 2532 1492 2594 terram
1538 2513 1675 2624 figens,
1707 2514 1908 2624 ramosque
1937 2514 2078 2594 subtus·
2113 2516 2153 2592 ἃ
2198 2514 2310 2623 super

609 2627 615 2634 ’
647 2643 790 2816 gersram
820 2625 1073 2815 tgapsvegsum
1096 2622 1174 2705 late
1203 2626 1417 2719 dimittens,
1449 2627 1593 2706 cortice
1619 2628 1755 2721 lacteo,
1786 2654 1829 2705 ac
1860 2625 1929 2704 sub
1966 2627 2091 2705 crusta
2120 2628 2311 2705 exteriore

669 2762 694 2813 u
711 2763 828 2817 co-ru
857 2763 964 2816 ecen
983 2764 1017 2815 e.

681 2957 856 3040 ‚Caudex
893 2955 1018 3038 duirm
1052 2958 1285 3039 hominum·
1312 2961 1540 3070 amplexum
1576 2961 1728 3041 ambitu
1775 2961 1825 3040 ut'
1861 2961 2078 3068 plurimum
2112 2959 2307 3068 implens:
2342 2973 2344 2978 ’

648 3071 793 3150 cortice
818 3070 935 3150 craffo
964 3069 1129 3151 exteriits
1149 3072 1260 3152 fusco
1288 3076 1328 3153 bt
1348 3073 1493 3166 scabr0,
1523 3069 1686 3154 interiits
1713 3071 1834 3152 lasteo
1855 3073 1972 3150 ubere
1999 3071 2124 3181 spillo,
2156 3074 2195 3150 δι
2214 3071 2309 3180 glu-

648 3180 788 3272 tinoso,
819 3179 934 3275 fiffili,
966 3210 1009 3261 ac
1038 3183 1107 3261 ubi
1135 3182 1310 3278 finditur,
1341 3184 1471 3262 colore
1495 3184 1594 3264 flavo
1625 3187 1664 3264 ἃ
1695 3183 1916 3264 rubescente
1944 3182 2072 3262 vivide
2098 3183 2306 3290 variegat0,

648 3291 822 3371 interiori
848 3291 1046 3402 superficie
1065 3322 1112 3372 ex
1137 3293 1452 3376 alborubescente
1464 3334 1477 3388 ;
1508 3296 1618 3404 ligno
1640 3296 1694 3374 est
1713 3323 1870 3403 quoque
1896 3295 2031 3386 lacteo,
2052 3292 2167 3385 fiffili,
2184 3294 2305 3400 gravi,

648 3405 691 3483 in
711 3403 820 3510 aquis
834 3403 987 3483 summe
1006 3405 1188 3501 durabili,
1218 3426 1325 3487 extra
1351 3434 1468 3515 aquas
1494 3405 1693 3515 putredini
1719 3403 1834 3485 facile
1854 3404 2041 3483 obnoxio.
2175 3480 2180 3491 ,
2348 3421 2352 3430 “

704 3626 824 3717 Folia,
855 3652 942 3735 quae
975 3623 1190 3705 hincinde
1226 3626 1267 3703 in
1306 3628 1431 3735 parvis
1460 3626 1664 3722 viridibus,
1695 3628 1871 3707 rotundis
1902 3655 1946 3707 ac
1980 3623 2139 3707 interiits
2169 3624 2307 3709 striatis

649 3737 807 3845 petiolis
854 3738 1101 3844 proveniunt,
1132 3738 1221 3817 sunt
1256 3735 1631 3847 oblongo-rotunda,
1673 3740 1720 3817 ad
1757 3736 1952 3847 petiolum
2001 3740 2176 3819 rotundis
2215 3744 2305 3835 oris,

647 3844 814 3927 anterius
841 3846 947 3927 brevi
971 3848 1141 3958 cuspide,
1171 3846 1241 3957 qui
1277 3850 1408 3929 versus
1428 3851 1614 3929 exteriora
1655 3850 1874 3944 reflectitur,
1905 3841 2075 3929 crassiola
2103 3878 2146 3929 ac
2180 3842 2312 3933 sotidae'

647 3973 823 4053 textura,
853 3959 1051 4067 superficie
1074 3959 1203 4069 plana,
1234 3988 1278 4038 ac
1318 3962 1358 4039 in
1388 3966 1489 4062 resta
1516 3980 1624 4070 parte
1647 3962 1768 4041 virore
1787 3961 1895 4041 fusco
1926 3966 1965 4041 δε
1992 3962 2139 4039 nitente
2157 3962 2305 4071 glabri-

647 4069 715 4160 tie,
745 4069 787 4147 in
824 4069 974 4149 adversa
1010 4069 1181 4149 claro&
1203 4072 1335 4150 minus
1355 4073 1517 4165 nitente,
1549 4072 1732 4152 lateribus
1761 4062 1942 4153 in'teriora
1966 4072 2093 4151 versus
2122 4072 2305 4153 nonnihil

605 4272 611 4279 ⁶
645 4179 796 4273 claufis,
825 4181 943 4261 odore
969 4182 1027 4260 uti
1051 4180 1146 4260 folia
1170 4209 1357 4290 pyrorum
1385 4183 1634 4263 nostrarum..

705 4404 770 4481 Ex
797 4403 900 4509 Costa
939 4403 980 4481 in
1009 4407 1109 4481 resia
1136 4405 1253 4495 etiam
1290 4422 1397 4511 parte
1420 4406 1617 4486 eminente
1655 4411 1765 4487 Venae
1802 4408 2028 4500 transverse,
2059 4407 2233 4504 subtiles,
2262 4438 2305 4490 ac

647 4512 769 4593 densae
796 4524 1022 4607 excurrunt,
1052 4542 1139 4622 quae
1157 4512 1302 4595 folium
1320 4515 1501 4612 subeunt,
1533 4518 1700 4626 suntque
1721 4518 1904 4626 utrinque
1930 4518 2162 4627 conspicua.

702 4739 830 4818 Floras
867 4738 1102 4845 proveniunt
1141 4736 1278 4847 paffim
1314 4767 1362 4818 ex
1400 4742 1549 4850 origine
1592 4738 1780 4819 foliorum
1819 4740 1935 4821 etiam
1976 4744 2164 4853 quinque,
2195 4743 2306 4822 sexve
2374 4844 2378 4849 Ι

645 4849 911 4956 congregatim
925 4850 1080 4959 petiolis
1095 4848 1346 4959 pollicaribus
1366 4879 1414 4930 ex
1433 4850 1874 4945 viridi-flavescentibus,
1892 4853 2057 4962 suntque
2079 4846 2302 4947 albicantes,

647 4960 688 5037 δι
727 4958 817 5036 dein
857 4985 905 5037 ex
942 4960 1135 5040 albicante
1171 4959 1412 5042 flavescentes
1444 4963 1508 5041 seu
1535 4992 1583 5042 ex
1610 4964 1709 5043 slavo
1745 4962 2010 5057 fuscescentes‚
2041 4964 2169 5044 forma
2188 4965 2305 5045 stellae
2344 5004 2349 5014 ¹

648 5067 813 5147 sedecim
843 5066 1030 5149 foliorum
1062 5070 1510 5181 oblongo-angustorum
1538 5078 1578 5153 bt
1610 5073 1911 5184 cuspidatorum,
1941 5104 2112 5186 quorum
2148 5077 2227 5156 duo
2264 5080 2305 5157 bc

646 5178 726 5258 duo
751 5174 889 5259 arstibs
907 5183 1045 5289 junsia
1069 5181 1171 5275 sunt,
1201 5183 1319 5262 odore
1338 5185 1517 5293 jucundo
1544 5184 1807 5294 &fragranti
1868 5187 1916 5268 In
1943 5188 2071 5269 medio
2099 5191 2304 5268 corculum

646 5290 810 5370 crassum
832 5293 872 5370 bt
902 5292 1088 5371 conicum
1115 5293 1183 5385 est,
1213 5296 1321 5401 quod
1357 5301 1445 5376 osto
1473 5297 1571 5377 albis
1595 5298 1768 5378 surrectis
1791 5298 1895 5379 foliis
1927 5300 1980 5377 est
1999 5299 2306 5391 circumdatum,

645 5403 822 5482 constans
849 5407 939 5482 osto
975 5402 1203 5483 staminibus
1232 5404 1419 5500 surrectis,
1450 5410 1586 5503 curtis,
1616 5409 1756 5503 craffis,
1788 5410 2046 5491 albicantibus
2081 5413 2120 5490 bt
2157 5412 2301 5519 pilosis,

646 5538 734 5619 quae
758 5513 883 5593 versus
908 5514 1173 5595 summitatem
1196 5516 1237 5594 in
1266 5517 1466 5625 cuspidem
1494 5520 1620 5600 strista
1644 5522 1684 5601 bt
1712 5520 1808 5603 flava
1828 5522 1929 5615 sunt,
1963 5549 2006 5602 ac
2034 5522 2305 5631 circumposrta

645 5624 818 5729 capitulo
846 5625 1239 5720 albicans-subflavo,
1270 5628 1377 5738 quod
1400 5658 1560 5740 germen
1585 5630 1734 5717 fruCtus
1755 5634 1822 5730 est,
1852 5662 1900 5715 ex
1925 5662 2005 5745 quo
2029 5633 2147 5743 stylus
2168 5633 2302 5713 viridi-

647 5731 794 5813 dilutus
822 5738 862 5816 bc
889 5738 1060 5820 albicans
1085 5740 1240 5821 emicat.
2423 5766 2427 5773 '

654 6019 660 6030 .
700 5945 828 6025 Tou.
850 5949 884 6031 1.
1447 5958 1496 6037 F'
1664 5902 1700 5971 ’ζ’
2188 5962 2308 6071 Calyx
