6092 6950
887 853 1953 984 .Mnnasnntcus
2193 879 2298 990 n,

734 1137 2220 1275 SCHAGERLCOTTAM
2378 1204 2382 1213 ·

939 1345 1374 1515 cnutum.
1437 1342 2011 1458 M1cnocos.

1315 1611 1618 1738 nro-5⁶.
2142 1567 2195 1695 .'

742 1747 1091 1866 Chageri-Cottdm,
1120 1779 1208 1860 quae
1241 1752 1405 1835 secunda
1442 1752 1600 1862 species,
1630 1749 1767 1864 lingua
1799 1753 2052 1848 Bramanum,
2081 1756 2210 1866 Sctsali,
2243 1749 2301 1838 est

649 1773 735 2008 S
774 1866 974 1954 arbuscula
995 1860 1176 1960 humilis,
1207 1864 1413 1946 altitudine
1441 1866 1557 1948 unius
1575 1863 1766 1959 hominis,
1795 1865 1951 1947 nascens
1971 1867 2013 1945 in
2027 1869 2205 1951 arenosis.

702 2091 828 2177 Radix
853 2113 980 2170 ramos
999 2085 1159 2167 fibrosos
1179 2087 1373 2197 spargens,
1403 2087 1550 2168 cortice
1579 2084 1933 2196 rubro-sanguineo
1963 2113 2009 2168 ac
2039 2086 2207 2171 exteribs
2233 2088 2299 2169 ni-

645 2207 821 2319 gricante
839 2199 1007 2281 cntstula
1019 2198 1224 2294 infuscato,
1254 2200 1365 2309 ligno
1385 2198 1591 2295 albicante,
1621 2199 1693 2308 qui
1711 2199 1854 2310 sapoiis
1873 2198 1927 2279 est
1945 2200 2229 2313 adstringentis.

584 2461 588 2468 ’
701 2425 850 2510 Caudex
865 2420 1026 2504 craffitie
1043 2423 1159 2503 unius
1185 2419 1347 2504 brachii.

663 2735 666 2742 ,
704 2648 857 2736 Surculi
867 2643 1091 2728 vetustiores
1107 2642 1266 2740 cinerei,
1297 2645 1503 2726 teneriores
1523 2643 1834 2755 spadiceo-clari.
1859 2625 1865 2632 ¹

705 2874 827 2966 Folia,
858 2897 946 2978 quae
978 2869 1021 2948 in
1050 2867 1212 2948 surculis
1240 2869 1396 2978 petiolis
1425 2869 1571 2964 curtis,
1601 2867 1794 2961 rotundis,
1825 2867 2017 2948 viridibus
2050 2872 2302 2980 proveniunt,

651 2987 742 3068 sunt
760 2982 889 3064 multo
914 2982 1064 3089 majora
1078 2980 1156 3059 illis
1175 2981 1311 3088 prima
1329 2978 1482 3090 speciei,
1511 2981 1698 3088 oblonga,
1716 2977 1885 3062 anteriirs
1905 2980 2062 3090 cuspide
2077 2985 2303 3080 eminentia,

651 3099 703 3178 ad
721 3094 913 3206 petiolum
940 3091 1017 3171 lata
1049 3092 1225 3186 cavitate,
1255 3091 1391 3204 crispa,
1422 3093 1465 3174 in
1487 3096 1596 3202 ¹recta
1625 3108 1734 3203 parte
1751 3091 1997 3198 viridi-fusca
2013 3094 2053 3174 tc
2071 3122 2213 3208 parum
2239 3097 2306 3179 ni-

652 3209 789 3303 tentia,
819 3207 862 3285 in
882 3200 1035 3284 adversa
1051 3203 1166 3285 clara.
2094 3226 2100 3236 ·

710 3435 776 3515 Ex
800 3428 947 3540 petiolo
964 3453 1057 3507 cum
1076 3425 1180 3506 costa
1204 3425 1345 3521 media,
1375 3452 1426 3506 ex
1449 3453 1530 3535 qua
1552 3423 1647 3506 hinc
1672 3425 1765 3506 inde
1791 3426 1942 3537 Cssulae
1958 3426 2124 3536 obliquo
2152 3445 2309 3510 arcuato

652 3546 774 3627 ductu
795 3540 985 3619 anteriora
1003 3538 1130 3616 versus
1159 3555 1316 3632 exeunt,
1348 3539 1534 3647 utrinque
1562 3538 1706 3647 Castulo
1729 3540 1896 3619 lateralis
1926 3542 2113 3648 erumpit,
2142 3540 2310 3649 suntque

653 3652 812 3743 costulae
831 3676 968 3731 omnes
984 3648 1101 3742 durae,
1132 3648 1304 3757 lignosa,
1334 3649 1523 3743 rotunda,
1554 3650 1594 3729 δι
1627 3650 1669 3730 in
1699 3650 1852 3730 adversa
1869 3668 1976 3759 parte
2003 3652 2176 3731 maxime
2207 3654 2311 3732 emi·
2386 3712 2390 3723 .

655 3784 805 3859 nentes,
836 3761 977 3842 coloris
997 3760 1130 3840 viridis
1149 3760 1214 3839 seu
1235 3760 1542 3869 spadioeo-clari,
1563 3788 1611 3852 ex
1630 3760 1667 3842 se
1686 3760 1949 3843 diffundentes
1967 3762 2191 3842 numerosos
2203 3766 2309 3847 Ner-

655 3880 759 3962 oulos
777 3872 1016 3965 transversos,
1047 3871 1118 3979 qui
1150 3873 1191 3949 in
1218 3870 1352 3951 cadem
1385 3887 1493 3981 parte
1523 3872 1675 3969 adversa
1700 3874 1874 3954 eminent
1893 3902 1936 3953 ac
1963 3876 2108 3963 restam
2126 3874 2311 3957 tractibus

657 3990 733 4077 suis
752 3987 912 4079 striant3
944 3982 1109 4090 suntque
1138 3980 1231 4063 folia
1250 4001 1482 4065 contextura
1499 3983 1637 4093 grossa,
1668 3988 1769 4069 &in
1791 3984 1941 4067 adversa
1958 4004 2067 4095 parte
2097 3985 2150 4066 ob
2170 4013 2311 4068 nervo-

656 4126 748 4187 rum
765 4094 1018 4177 eminentiam
1036 4092 1147 4175 valde
1166 4094 1307 4191 scabra.

714 4326 752 4409 F
752 4324 840 4406 sores
860 4317 1096 4432 proveniunt
1122 4317 1165 4395 in
1189 4314 1411 4399 summitate
1424 4314 1669 4398 surculorum
1687 4318 1729 4398 in
1749 4319 1919 4429 petiolis,
1948 4319 2078 4429 plures
2099 4345 2313 4431 congrega·

659 4436 735 4518 tim
760 4462 803 4513 ac
824 4451 898 4513 tres
917 4429 1031 4511 fimul
1045 4429 1260 4536 conjuncti,
1280 4428 1533 4537 constantque
1552 4448 1720 4539 quatuor
1737 4435 1777 4512 dc
1796 4433 1973 4542 quinque
1991 4429 2097 4512 soliis
2115 4433 2314 4541 oblongo-

660 4544 853 4638 rotundis,
882 4539 1066 4653 angustis,
1096 4539 1284 4633 surrectis
1306 4565 1354 4617 ex
1369 4540 1483 4621 viridi
1502 4541 1759 4625 albicantibus
1778 4546 1819 4622 'dc
1837 4542 2212 4639 subflavescentibus,
2224 4570 2313 4651 quae

661 4686 756 4741 cum
783 4658 860 4737 oris
890 4652 1070 4732 interiora
1098 4650 1224 4732 versus
1245 4646 1479 4734 cochleatim
1497 4656 1693 4734 contracta
1723 4654 1826 4748 sunt,
1855 4650 2079 4763 habentque
2106 4656 2149 4734 in
2182 4655 2315 4734 medio

662 4767 884 4877 congeriem
906 4761 1200 4845 numerosorum
1219 4760 1429 4841 staminum
1452 4764 1645 4858 tenuium,
1676 4792 1763 4873 quae
1782 4764 1888 4847 flavis
1908 4764 2085 4846 rotundis
2120 4793 2163 4845 ac
2190 4767 2315 4874 parvis

663 4879 838 4991 apicibus
859 4877 987 4957 dotata
1005 4872 1112 4967 sunt,
1136 4899 1181 4951 ac
1199 4871 1343 4981 stylum
1361 4871 1673 4955 viridi-dilutum
1702 4903 1752 4955 cx
1769 4876 1932 4984 globulo
1950 4876 2211 4970 viridi-fusco,
2245 4877 2316 4985 qui

666 4987 929 5102 primordium
948 4981 1098 5065 fructos
1127 4982 1193 5075 est,
1224 5002 1502 5109 emergentem,
1526 4985 1692 5096 suntque
1724 4988 1835 5070 flores
1870 4986 2043 5071 inferiori
2073 5007 2181 5097 parte
2210 4986 2315 5073 foliis

665 5099 833 5213 angustis
845 5124 897 5215 ‚ac
916 5092 1146 5177 flaviusculis
1166 5092 1365 5183 succindit.

722 5312 760 5395 F
760 5312 886 5393 rudius
904 5306 990 5387 sunt
1004 5302 1131 5387 baccae
1146 5302 1264 5385 oblon
1320 5302 1515 5385 rotundat
1534 5329 1579 5385 ac
1595 5304 1777 5387 nonnihil
1796 5304 2042 5415 pyriformes,
2056 5305 2103 5384 ad
2123 5304 2319 5413 petiolum

561 5404 573 5429 ”
666 5418 800 5515 stricti,
831 5418 971 5501 coloris
990 5416 1166 5530 primum
1185 5415 1257 5496 viri
1288 5412 1423 5496 i·fusci
1440 5442 1483 5493 ac
1501 5414 1619 5508 surdi,
1650 5415 1739 5498 dein
1760 5418 1920 5527 nigri&
1952 5417 2127 5509 nitentis,
2151 5416 2319 5523 suntque

669 5530 706 5615 si
735 5558 799 5611 ore
819 5530 994 5642 primum
1020 5527 1142 5620 acido,
1174 5526 1316 5637 quiex
1345 5526 1566 5607 maturitate
1592 5527 1791 5623 dulcescit,
1821 5547 1936 5639 atque
1968 5526 2161 5636 indigenis
2191 5526 2245 5606 est
2277 5527 2319 5606 in

667 5668 690 5727 e
721 5642 836 5724 ullis:
869 5640 910 5722 in
943 5638 1074 5721 medio
1104 5638 1262 5731 dutum,
1292 5664 1340 5719 ex
1370 5636 1562 5719 albicante
1587 5637 1816 5732 subflavum,
1858 5642 1897 5719 &
1925 5637 2244 5746 grandiusculum
2275 5666 2319 5719 ac

669 5751 882 5867 pyrisorme
900 5750 1106 5833 ossiculum
1139 5748 1206 5843 est,
1237 5748 1344 5859 quod
1376 5750 1418 5831 in
1453 5766 1584 5831 totum
1620 5748 1828 5831 filamentis
1858 5749 1997 5843 densis,
2028 5778 2114 5858 quae
2139 5750 2181 5828 in
2211 5775 2321 5829 arcus
2354 5813 2361 5823 .
2438 5799 2450 5828 0

671 5865 795 5949 varim
815 5858 989 5945 ordinate
1009 5862 1056 5943 ad
1075 5862 1111 5945 se
1130 5861 1300 5943 invicem
1331 5859 1522 5945 conducta
1540 5860 1643 5958 sunt,
1672 5860 1726 5943 est
1744 5862 1975 5943 obductum.

838 5975 842 5985 '
1096 6016 1112 6027 -
1451 5973 1538 6055 ΡΞ
2054 5972 2327 6097 VIRES
