6092 6950
1005 717 1964 820 Maia-sanious.
2113 777 2120 808 1
2361 731 2396 864 ’ς

886 889 2251 1030 CAUNGa

627 1059 653 1136 5
747 1053 1098 1168 ARECA
1168 1055 1694 1168 CATHECU.
1853 1079 2340 1194 F1o5a4s.

691 1227 847 1336 Aunga,
878 1225 997 1332 Ling.
1034 1225 1165 1305 Bram.
1201 1223 1331 1318 Mad,
1360 1224 1415 1303 est
1465 1224 1578 1305 arbor
1616 1251 1774 1334 procera
1816 1221 2024 1304 altitudine
2066 1209 2242 1308 arborem
2274 1222 2400 1338 Tenga

702 1365 876 1445 aequans,
906 1335 1063 1415 nascens
1079 1340 1120 1414 in
1137 1337 1314 1417 arenofis.

729 1449 857 1530 ‘Radix
886 1447 1095 1556 nigricans,
1126 1447 1311 1556 oblonga,
1342 1447 1503 1527 crassitie
1532 1448 1648 1528 unius
1667 1447 1691 1527 s
1712 1447 1882 1542 ithamae,
1914 1446 2103 1527 radiculas
2129 1437 2339 1532 albicantes
2357 1451 2398 1531 δι

579 1559 700 1654 rusas,
732 1590 818 1669 quae
846 1561 953 1638 intus
969 1558 1118 1667 lignoso
1133 1559 1335 1639 filamento
1355 1560 1459 1653 sunt,
1488 1587 1538 1639 ex
1567 1561 1603 1639 se
1628 1479 1866 1642 dissundens.

638 1673 787 1756 Caudex
818 1671 979 1751 craffitie
1012 1673 1128 1752 unius
1164 1669 1381 1781 spithamas,
1412 1673 1587 1752 maxima
1622 1673 1783 1755 crassitie
1817 1674 1864 1753 ad
1890 1671 2076 1764 radicem,
2104 1673 2147 1752 in
2175 1671 2399 1755 summitate

578 1785 700 1896 paulb
727 1785 871 1863 minori
899 1784 1092 1863 obdustus
1116 1785 1259 1863 cortice
1274 1783 1532 1864 viridi-claro.
2112 1825 2115 1832 ’

638 1897 754 1976 Rami
772 1896 842 2004 qui
860 1923 909 1973 ex
937 1895 1096 1974 caudice
1115 1892 1290 1975 ordinate
1310 1895 1518 2005 prodeunt,
1550 1923 1593 1976 ac
1618 1894 1753 1978 ordine
1771 1896 1966 1977 decussato
1986 1894 2070 1974 bini
2103 1897 2143 1974 tc
2173 1894 2258 1974 bini
2287 1921 2336 1976 ex
2362 1895 2399 1976 se

581 2025 725 2088 mutuo
744 2024 950 2114 emergunt
963 2033 1058 2085 cum
1078 2006 1175 2115 pede
1189 2006 1456 2088 summitatem
1471 2008 1640 2088 caudicis
1656 2009 1772 2088 instar
1791 2010 1940 2120 vaginae
1955 2007 2019 2086 seu
2031 2007 2152 2116 capsa
2164 2007 2338 2088 rotunda
2353 2035 2397 2087 ac

578 2119 717 2198 clausae
748 2116 1125 2226 circumplestentes,
1151 2119 1406 2199 exterioribus
1436 2121 1634 2200 interiores
1674 2119 2025 2212 circumdantibus,
2067 2145 2111 2196 ac
2139 2117 2253 2201 simul
2279 2137 2397 2226 caput

580 2230 801 2338 oblongum
821 2228 863 2306 in
889 2229 1111 2308 summitate
1131 2233 1309 2340 Caungae,
1337 2231 1445 2338 quod
1464 2231 1617 2310 crassius
1646 2231 1700 2310 est
1718 2233 1801 2341 ipso
1829 2257 1990 2341 corpore
2007 2228 2177 2309 caudicis
2201 2228 2396 2322 inferiore,

581 2341 924 2434 constituentibus,
948 2341 1047 2420 rami
1063 2343 1267 2422 exteriores
1287 2344 1385 2452 pede
1410 2341 1493 2424 fisso
1511 2369 1556 2422 ac
1576 2362 1692 2453 rupto
1740 2343 1798 2422 bst
1812 2341 2013 2422 succeffive
2039 2341 2107 2420 suo
2133 2359 2306 2450 tempore
2326 2341 2395 2419 de-

576 2452 747 2545 cidunt;
783 2451 836 2530 est
861 2469 992 2531 autem
1012 2479 1079 2565 pes
1106 2481 1305 2533 ramorum
1324 2454 1492 2534 exterius
1511 2373 1794 2548 virid-fufius,
1812 2455 1853 2534 in
1880 2453 2053 2533 interiori
2074 2452 2274 2560 superficie
2293 2451 2395 2531 albi-

575 2591 686 2656 cans,
718 2583 949 2643 contextura
966 2562 1088 2644 ferme
1106 2565 1316 2658 coriaceus,
1343 2591 1388 2645 ac
1408 2567 1581 2646 interiori
1609 2565 1809 2676 superficie
1823 2567 1990 2660 striatus,
2012 2565 2118 2643 intus
2134 2563 2290 2672 lignofis
2307 2561 2394 2642 fila·

574 2675 723 2754 ·mentis
742 2675 874 2754 minus
888 2675 995 2755 duris
1007 2676 1048 2753 in
1060 2675 1227 2785 longum
1237 2677 1446 2787 perdustus
1458 2678 1687 2758 membrana
1700 2677 1863 2758 candida
1881 2679 1922 2760 &
1936 2677 2098 2769 nitente,
2113 2703 2200 2784 quae
2215 2674 2337 2754 firmae
2356 2677 2396 2754 &

580 2786 705 2864 densae
723 2805 885 2866 textura
912 2787 980 2878 est,
1000 2786 1218 2867 obdustus:
1240 2815 1327 2896 pars
1343 2817 1543 2870 ramorum
1562 2790 1731 2901 superior
1749 2818 1837 2898 quae
1855 2817 1904 2868 ex
1925 2787 2022 2899 pede
2046 2787 2141 2879 exit,
2162 2784 2322 2866 inferius
2349 2785 2398 2864 ad

577 2897 721 3008 pedem
740 2894 854 2976 latior
875 2895 943 2990 est,
973 2896 1062 2975 dein
1088 2896 1225 2978 sensim
1243 2899 1420 2994 strisbior,
1446 2903 1613 2982 exterius
1643 2902 1822 2995 rotunda,
1844 2902 2004 2981 interius
2029 2895 2212 2978 nonnihil
2242 2923 2334 2976 cava
2351 2923 2397 2975 ac

580 3009 773 3117 superiora
801 3009 927 3087 versus
948 3004 1107 3088 interibs
1122 3010 1164 3088 in
1183 3011 1315 3091 medio
1337 3013 1378 3092 in
1393 3012 1539 3094 costam
1558 3031 1713 3092 acutam
1729 3013 1959 3093 extuberans
1986 3039 2029 3091 ac
2046 3010 2230 3117 utrinque
2249 3009 2296 3086 ad
2309 3007 2396 3087 cos-

578 3137 663 3200 tam
682 3118 809 3229 planis
832 3121 909 3198 oris
936 3119 1241 3231 circumscripta,
1264 3125 1307 3202 in
1333 3124 1478 3234 quibus
1512 3123 1617 3206 soliis
1643 3152 1692 3204 ex
1718 3123 1871 3204 adverso
1890 3123 2075 3234 oppositis
2095 3121 2149 3202 est
2173 3119 2305 3217 vestita
2324 3145 2394 3200 ex-
2513 3201 2518 3206 .

577 3227 698 3310 teribs
727 3249 772 3309 ut
786 3234 827 3310 ὃς
841 3227 1002 3312 interibs
1022 3231 1151 3312 colore
1169 3235 1298 3328 viridi,
1327 3236 1376 3314 ad
1395 3236 1537 3345 pedem
1555 3255 1686 3316 autem
1706 3231 1866 3316 interibs
1894 3232 2077 3317 nonnihil
2096 3231 2315 3322 flavescens,
2351 3258 2397 3310 ac

578 3344 687 3422 intus
713 3341 869 3454 lignosas
898 3342 1087 3424 mollibus
1108 3344 1317 3425 filamentis
1337 3373 1382 3426 ac
1400 3347 1574 3456 sungofis
1594 3348 1739 3427 carneis
1771 3346 1880 3426 fibris
1908 3365 2110 3454 pertenta:
2141 3343 2230 3419 sunt
2262 3359 2398 3420 autem

578 3451 676 3537 folia
696 3455 1054 3565 oblongo-angusta
1079 3457 1325 3565 longitudine
1350 3457 1473 3538 trium
1497 3455 1711 3567 quatuorvs
1745 3457 1892 3563 pedum
1921 3458 1961 3533 dc
1995 3450 2201 3531 latitudine
2227 3469 2397 3561 quatuor
2425 3481 2429 3489 ·

579 3565 775 3676 pollicum
800 3566 890 3673 plus
915 3567 1069 3658 minus,
1100 3593 1144 3643 ac
1173 3568 1288 3643 instar
1313 3569 1560 3645 flabellorum
1588 3570 1630 3644 in
1659 3566 1752 3645 duas
1784 3562 1916 3658 tresvs,
1951 3566 2070 3644 etiam
2086 3582 2254 3672 quatuor
2272 3564 2396 3672 quin¹

580 3704 704 3786 queve
717 3674 839 3784 plicas
855 3674 1091 3783 complicata
1111 3678 1151 3755 sc
1165 3702 1259 3754 cum
1275 3675 1392 3784 plicis
1412 3703 1461 3755 ex
1490 3678 1567 3757 oris
1584 3704 1782 3757 ramorum
1810 3676 1999 3786 producta
2020 3676 2061 3756 in
2081 3694 2190 3785 parte
2218 3672 2415 3755 interiori·

578 3790 621 3867 in
637 3788 829 3897 plicarum
845 3786 997 3895 angulis
1016 3786 1280 3865 eminentibus
1299 3787 1413 3867 costis
1427 3787 1677 3869 viridi-claris
1697 3787 1833 3882 obsita,
1849 3790 1890 3868 be
1910 3789 2016 3867 intus
2032 3788 2139 3867 venis
2165 3788 2208 3866 in
2227 3787 2396 3896 longum

578 3896 720 3992 striata,
735 3917 965 3978 contextura
976 3897 1112 4006 rigida,
1128 3897 1329 4007 superficie
1343 3898 1460 4007 plana
1474 3936 1487 3993 3
1506 3898 1752 3980 viridi-fusca
1769 3902 1808 3979 δε
1820 3900 1985 3979 nitentia
2002 3902 2043 3979 in
2060 3917 2223 4007 utraque
2242 3916 2365 4007 parte.
2447 3946 2453 3961 ι

637 4013 686 4091 ln
717 4011 887 4119 Capitale
902 4011 1059 4117 Caunga
1072 4008 1178 4116 quod
1192 4010 1234 4087 in
1254 4008 1477 4089 summitate
1500 4012 1555 4090 est
1576 4014 1677 4096 intra
1695 4012 1811 4120 pedes
1834 4039 2033 4090 ramorum
2055 4011 2309 4090 soliaceorum
2324 4036 2392 4089 va-

579 4120 809 4233 ginisormes
832 4122 961 4231 Capsa
973 4119 1015 4197 in
1027 4119 1172 4228 quibus
1197 4119 1321 4200 fasciae
1335 4148 1534 4202 ramorum
1550 4150 1593 4201 ac
1605 4121 1848 4201 surculorum
1859 4150 1953 4201 cum
1971 4122 2131 4201 floribus
2146 4124 2186 4201 δι
2200 4120 2393 4201 fructibus

580 4233 853 4324 includuntur,
867 4233 1102 4341 proveniunt
1116 4230 1216 4312 infra
1230 4233 1399 4340 fingulos
1419 4261 1511 4327 una,
1540 4232 1629 4311 sunt
1643 4250 1774 4313 autem
1786 4233 1904 4342 capsae
1925 4233 2105 4340 oblongae
2124 4251 2292 4341 quatuor
2303 4231 2393 4340 plus

581 4346 715 4424 minus
734 4340 942 4451 spithamas
968 4360 1161 4449 aequantes
1188 4344 1230 4421 in
1261 4371 1339 4422 una
1360 4363 1481 4451 parte,
1512 4372 1592 4454 qua
1620 4344 1709 4455 pedi
1740 4344 1919 4425 exteriori
1939 4344 2182 4422 accumbunt
2200 4342 2392 4436 rotundae,

578 4456 623 4535 in
647 4455 765 4534 altera
783 4479 861 4561 qua
878 4452 1017 4560 pedem
1036 4454 1260 4533 interiorem
1281 4455 1612 4563 complestuntun
1643 4456 1726 4535 cavi
1752 4455 1937 4547 ambitus,
1969 4453 2169 4564 superficie
2187 4454 2319 4563 glabra
2352 4454 2393 4535 ee

580 4565 776 4677 aequabili,
807 4564 855 4643 ad
889 4563 1155 4654 summitatem
1183 4566 1223 4643 in
1266 4566 1395 4645 medio
1438 4568 1556 4675 partis
1598 4596 1698 4647 cavae
1726 4567 1812 4645 stria
1834 4566 2013 4646 lacunosa
2041 4568 2082 4646 in
2117 4567 2229 4674 cujus
2269 4569 2394 4645 trastu

578 4694 773 4785 rumpunt
791 4674 958 4769 sulcatae,
988 4675 1116 4755 colore
1135 4673 1300 4757 exteribs
1325 4679 1500 4786 primum
1520 4678 1784 4758 viridi-diluto
1805 4678 2053 4757 albicante&
2083 4676 2392 4769 subfla'vescente,

581 4786 668 4898 pbst
699 4816 793 4867 cum
822 4805 931 4866 aetate
956 4786 1403 4883 flavescentesinterius
1432 4789 1573 4869 coloris
1614 4790 1782 4881 candidi,
1814 4788 1923 4897 capsa
1947 4790 2133 4869 exteriore
2158 4786 2393 4867 accrescente

581 4926 711 4978 ramus
732 4900 910 4993 exterior,
941 4901 1010 5008 qui
1029 4926 1130 4979 cum·
1152 4898 1252 4980 arsid
1278 4901 1460 4994 includit,
1491 4902 1530 4979 vi
1559 4901 1802 4993 detruditur,
1834 4900 1958 4979 fasciae
1979 4927 2178 4980 ramorum
2196 4902 2238 4977 bc
2256 4898 2391 4977 surcu-

581 5010 712 5091 lorum
738 5036 824 5116 quae
847 5011 888 5087 in
912 5010 1030 5118 capfis
1050 5012 1206 5092 incluse
1224 5012 1398 5091 constant
1424 5039 1505 5091 uno
1523 5011 1622 5121 pede
1647 5011 1765 5121 plano
1794 5038 1875 5118 quo
1889 5012 2058 5097 caudicis
2082 5010 2296 5090 summitati
2312 5009 2390 5089 cir·

579 5120 821 5229 cumpofitae,
852 5120 1018 5227 suntque
1043 5122 1085 5200 in
1107 5123 1266 5201 ramulis
1292 5122 1533 5205 crassioribus
1559 5122 1750 5203 fruslibus
1772 5124 1911 5203 teneris
1941 5122 2092 5215 dotata,
2124 5124 2163 5201 &
2181 5120 2227 5199 'in
2254 5120 2390 5199 surcu-

571 5232 630 5316 lis
659 5232 857 5323 tenuibus,
888 5232 957 5338 qui
993 5231 1095 5310 infra
1130 5251 1313 5313 exortum
1356 5233 1558 5313 fructuum
1586 5252 1815 5343 erumpunt,
1845 5234 1958 5344 spicis
1993 5232 2080 5313 solis
2118 5232 2181 5311 seu
2222 5232 2391 5341 gemmis

581 5342 726 5422 slorum
741 5344 781 5421 in
797 5342 947 5421 duabus
961 5343 1145 5451 oppositis
1174 5346 1349 5451 partibus
1367 5345 1573 5439 obdustae3
1606 5344 1729 5424 fasciae
1748 5364 1879 5424 autem
1899 5342 1959 5425 hae
1989 5345 2030 5422 in
2050 5345 2166 5427 ramis
2191 5370 2234 5422 ac
2255 5342 2390 5424 surcu-

583 5454 632 5532 lis
654 5455 829 5563 primum
855 5454 944 5533 sunt
959 5454 1168 5533 albicantes
1195 5454 1259 5533 seu
1277 5455 1626 5551 flavo-albicantes,
1652 5456 1741 5537 dein
1756 5456 2037 5550 viridescentes‚
2055 5484 2149 5543 cum
2168 5454 2390 5537 vetustiores
2495 5553 2503 5571 ι

583 5564 687 5658 sunt,
717 5564 847 5645 colore
863 5564 1106 5645 viridi-fusco
1127 5569 1167 5645 bt
1181 5566 1298 5648 durae.

561 5758 566 5764 ,
639 5678 757 5786 Spica
774 5678 925 5759 Florum
940 5676 1154 5757 summitati
1176 5678 1420 5761 surculorum
1437 5680 1602 5763 obverse
1616 5681 1720 5777 sunt,
1750 5682 1916 5791 suntque
1935 5708 2057 5793 parvae
2088 5680 2127 5759 &
2146 5677 2391 5785 angulatae&

583 5788 809 5880 albicantes,
840 5789 880 5866 in
901 5788 973 5867 tria
991 5788 1086 5868 solia
1105 5790 1228 5899 rigida
1250 5795 1291 5872 δι
1316 5793 1513 5903 cuspidata
1541 5822 1583 5873 ac
1609 5794 1779 5875 cralsrola
1805 5793 1843 5873 se
1861 5796 2087 5903 aperientes,
2109 5792 2391 5897 continentque

582 5900 625 5976 in
640 5898 771 5978 medio
796 5899 957 5978 stamina
982 5929 1122 5981 novem
1137 5903 1343 5984 albicantia
1358 5906 1488 5985 tenuia
1500 5905 1580 5984 fine
1601 5905 1692 5987 ullis
1719 5904 1909 6015 apicibus,
1933 5905 2004 5984 tria
2028 5902 2205 6013 longiora
2223 5928 2271 5981 ex
2291 5898 2391 5980 flavo

582 6008 804 6102 albicantia,
835 6038 921 6119 quae
937 6008 958 6090 ὲ
973 6012 1035 6091 sex
1057 6014 1275 6097 minoribus
1300 6019 1425 6129 magis
1444 6017 1551 6099 flavis
1577 6020 1803 6127 cinguntur.

573 6181 581 6193 .
638 6124 804 6204 Frublus
817 6122 888 6230 qui
904 6120 1028 6204 fasciis
1044 6152 1243 6207 ramorum
1256 6126 1451 6209 adhaerent
1477 6156 1573 6214 curn
1591 6130 1656 6207 sua
1670 6128 1938 6239 magnitudine
1950 6128 2053 6237 justat
2069 6128 2171 6221 sunt,
2192 6123 2389 6229 oblongo-

581 6234 861 6328 rotundioris,
891 6234 933 6313 in
952 6236 1089 6317 ima&
1117 6238 1301 6349 superiori
1320 6260 1426 6351 parte
1442 6240 1661 6335 strictiores,
1691 6242 1858 6320 involuti
1887 6242 2030 6321 cortice
2049 6238 2229 6319 exteriori
2254 6232 2388 6329 crasso,

524 6444 531 6451 ‚
581 6372 628 6426 ac
637 6345 859 6540 gqnstaptes'
875 6346 996 6461 pulpa
1014 6347 1362 6448 rufo-rubescente,
1392 6353 1432 6434 δι
1460 6352 1568 6545 ugus
1593 6355 1639 6435 in
1667 6353 1797 6437 medio
1825 6352 1956 6467 pulpae
1986 6349 2159 6439 medulla
2183 6347 2392 6544 albicacblll

710 6482 751 6539 1„
793 6517 804 6541 ,
1100 6523 1102 6530 .
