6092 6950
734 807 830 876 m
1263 783 1891 938 nonnus

727 991 1032 1105 prasentaneum
1055 993 1301 1092 remedium,
1333 997 1586 1082 vehementes
1613 999 1788 1110 partium
1811 997 2037 1082 arenarum
2060 997 2212 1084 dolores
2235 1000 2345 1085 illico
2367 1002 2428 1084 se·

726 1106 822 1186 dans
841 1106 888 1186 iis
907 1106 1132 1201 inundum,
1162 1108 1209 1188 ad
1234 1107 1342 1217 quod
1366 1112 1486 1193 etiam
1507 1109 1661 1193 confert
1679 1113 1786 1194 intus
1800 1113 2024 1223 sumptum,
2055 1113 2098 1192 in
2117 1111 2304 1198 asthmata
2321 1115 2428 1196 aliis-

718 1244 808 1325 ·que
831 1215 1035 1298 affectibus
1055 1218 1355 1326 pulmonaribus
1375 1221 1550 1304 sanandis
1581 1224 1687 1304 intus
1707 1222 1912 1332 sumptum
1928 1225 2051 1306 etiam
2067 1224 2240 1306 maxime
2262 1225 2429 1322 confert,

729 1329 790 1409 uti
809 1331 849 1440 dr
868 1327 916 1408 ad
936 1329 1220 1438 malignitatem
1239 1330 1413 1414 febrium
1439 1335 1735 1444 corrigendam
1755 1334 1889 1444 estque
1902 1334 2080 1418 sudorem
2099 1336 2249 1446 pellens
2267 1340 2311 1418 in
2328 1363 2428 1447 gan-
2463 1389 2467 1394 -

728 1467 858 1549 grana
875 1441 916 1522 &
930 1437 1108 1548 sphacelo
1119 1441 1278 1551 aliisque
1293 1443 1489 1527 ulceribus
1503 1445 1687 1556 malignis
1711 1444 1865 1557 optimi
1884 1473 2044 1556 quoque
2059 1447 2227 1558 prodest,
2240 1451 2433 1558 juvatque

729 1552 848 1632 etiam
879 1577 950 1658 pro
968 1552 1281 1661 impetiginibus,
1311 1555 1589 1665 doloribusque
1617 1573 1790 1653 artuum
1813 1561 1971 1654 ventris,
1995 1558 2227 1654 oculorum,
2258 1585 2330 1640 nec
2349 1587 2433 1640 uon
2523 1643 2529 1652 ,

731 1661 954 1744 tumoribus
973 1663 1245 1745 membrorum
1263 1693 1312 1746 ex
1336 1666 1490 1777 frigidis
1512 1671 1554 1748 br
1578 1668 1773 1779 pituitofis
1792 1666 2027 1750 humoribus
2047 1668 2223 1764 obortis,
2253 1687 2435 1781 praterea

730 1773 773 1854 in
793 1774 938 1882 pedum
961 1773 1185 1855 contufione
1199 1794 1245 1858 ut
1262 1780 1302 1858 δι
1321 1777 1547 1862 vulneribus
1575 1778 1728 1862 sensum
1749 1781 1923 1889 partium'
1942 1779 2200 1890 stupefafium
2228 1809 2268 1861 re
2295 1808 2403 1862 arans
2414 1818 2430 1876 ς

731 1884 960 1996 prodestque
983 1885 1025 1964 in
1050 1882 1251 1967 rheumate
1273 1890 1337 1969 seu
1366 1889 1476 1972 fluxu
1498 1891 1637 2000 capitis
1649 1928 1662 1985 ς
1693 1892 1777 1999 ejus
1795 1891 1893 1972 odor
1910 1892 1980 2000 qui
2004 1890 2116 1972 illico
2139 1919 2188 1972 ex
2208 1893 2240 1971 ti
2260 1893 2268 1909 '
2303 1892 2434 1973 atione

731 2023 777 2077 ac
801 1995 1134 2090 sternutationem,
1165 2027 1285 2108 quam
1314 1998 1491 2098 rheuma,
1520 2003 1614 2095 ciet,
1642 2000 1760 2096 finit,
1791 2003 1833 2082 in
1858 2002 2013 2086 flatibus
2047 2002 2296 2083 discutiendis
2327 2031 2432 2112 quo·

731 2134 811 2216 que
847 2107 986 2186 efficax
1018 2107 1072 2187 est
1108 2109 1214 2189 intus
1258 2111 1486 2222 sumptum:
1524 2114 1745 2222 appetitum
1782 2140 1941 2222 quoque
1977 2114 2121 2194 excitat
2157 2142 2202 2194 ac
2233 2113 2434 2194 calculosis

731 2218 899 2330 prodest,
930 2219 1097 2326 suntque
1128 2218 1189 2300 hae
1220 2222 1380 2305 virtutes
1410 2226 1512 2304 intra
1536 2225 1651 2304 breve
1684 2242 1855 2333 tempus,
1886 2251 1967 2332 quo
1995 2225 2095 2304 illud
2113 2223 2247 2305 oleum
2278 2222 2434 2306 anobis

732 2329 976 2424 distillatum,
1007 2329 1054 2408 ad
1073 2329 1186 2412 usum
1206 2333 1406 2416 medicum
1426 2333 1664 2429 adhibitum,
1693 2336 1851 2444 proprii
1877 2335 2115 2446 experientiis
2137 2351 2362 2444 comperta,
2391 2337 2435 2418 dc
2472 2417 2479 2428 ,

732 2442 813 2523 fine
843 2440 966 2522 dubio
985 2441 1115 2550 plures
1136 2442 1260 2522 indies
1287 2445 1324 2524 fe
1377 2445 1529 2540 rodem,
1558 2446 1691 2556 estque
1708 2443 1787 2527 hoc
1805 2447 1940 2536 oleum
1958 2447 2001 2526 in
2035 2446 2277 2528 Nosocomio
2303 2446 2434 2526 nostro

732 2552 1067 2638 medicamentum
1085 2551 1259 2633 maxime
1278 2474 1536 2650 catholicum.
1583 2557 1791 2670 Campboru
1808 2556 1921 2637 servit
1934 2557 1976 2637 in
1994 2554 2195 2638 affeuibus
2210 2557 2371 2638 uterinis
2385 2557 2435 2637 ad

733 2662 978 2775 provocanda
997 2662 1204 2758 menstrua,
1236 2665 1388 2748 sudores
1418 2693 1579 2776 quoque
1595 2670 1688 2763 ciet,
1719 2666 2002 2778 usurpaturque
2035 2670 2155 2748 etiam
2187 2669 2277 2749 loco
2308 2671 2433 2749 Cam·

733 2775 867 2887 phorae
878 2777 1116 2855 communis.
1179 2777 1305 2860 Oleum
1317 2779 1545 2860 cinnamomi
1553 2797 1648 2888 puta
1664 2780 1822 2863 Curticis
1831 2779 1991 2879 Arborei
2006 2777 2159 2861 confert
2175 2781 2219 2858 in
2233 2778 2435 2862 affectibus

734 2885 956 2980 ventriculi,
986 2885 1028 2964 in
1057 2887 1294 2968 torminibus
1313 2893 1457 2970 ventris
1488 2888 1510 2970 ὲ
1541 2890 1685 3000 frigore
1702 2892 1811 2971 ortis.
1870 2895 1986 3002 Aqua
2004 2890 2232 2973 cinnamomi
2245 2889 2431 2994 cardiaca.

735 2999 866 3080 Oleum
893 3027 936 3078 ex
960 2997 1073 3080 Fuluii
1089 2997 1242 3106 prodest
1273 3000 1313 3080 in
1345 2999 1483 3082 Colica
1500 2997 1669 3082 exterius
1702 3001 1958 3111 applicatum,
1988 3001 2191 3081 summum
2215 3001 2436 3083 remedium

736 3109 971 3220 paralyticis,
1000 3134 1136 3188 eorum
1169 3137 1269 3219 aqua
1300 3111 1486 3194 conducit
1517 3113 1561 3192 in
1590 3110 1860 3192 affesiionibus
1892 3111 2075 3191 cardiacis
2100 3110 2268 3221 frigidis,
2298 3111 2433 3193 datur·

730 3247 816 3329 ¹que
833 3221 876 3301 in
906 3219 1132 3331 potionibus
1158 3219 1389 3305 sudoriferis.
1449 3227 1566 3336 Aqua
1591 3223 1745 3304 Florum
1775 3222 2002 3304 Cinnamomi
2030 3221 2212 3304 distillata
2245 3223 2433 3308 cardiace.

734 3333 926 3416 ouumex
947 3331 1151 3416 Frusfibus
1169 3331 1377 3416 decoctum
1396 3335 1603 3446 usurpatur
1619 3334 1663 3416 in
1680 3331 1883 3414 doloribus
1903 3353 2074 3415 artuum.

785 3570 890 3635 Arbor
910 3568 967 3635 hie
982 3568 1131 3652 descripta
1149 3568 1266 3635 Camila
1295 3566 1339 3633 est
1363 3567 1568 3635 Melaburr'ca:
1600 3589 1639 3633 ue
1679 3587 1730 3649 trs,
1753 3568 1931 3649 seminibus,
1953 3521 2121 3647 radicibus,
2141 3565 2203 3633 dre.
2219 3566 2256 3631 ad
2271 3588 2322 3633 me
2336 3570 2436 3636 trans·

738 3652 907 3733 Lusitanis,
920 3654 1035 3721 Cerella
1048 3654 1094 3717 del
1107 3652 1230 3717 Marto:
1252 3676 1325 3739 quae
1337 3654 1564 3754 Ceylenenſsom·
1601 3656 1645 3717 mi
1669 3670 1692 3719 t.
1737 3655 1854 3719 Cauelsa
1892 3652 2027 3740 (inquit)
2050 3678 2086 3718 ex
2113 3674 2169 3739 pue
2207 3651 2434 3738 Cinnenenrum,

741 3743 832 3809 uibus
845 3742 904 3805 suis
916 3742 1051 3823 partibus
1064 3738 1157 3821 longi
1175 3738 1218 3802 est
1230 3738 1397 3823 ignobilior
1410 3740 1441 3804 bt
1455 3740 1571 3803 idcirco
1602 3738 1728 3803 Kurudre
1730 3738 1871 3823 scribitur
1882 3739 2102 3824 Cinguserfibur,
2120 3741 2325 3824 pronuntietur
2338 3755 2433 3805 auterre

735 3827 795 3893 lon
818 3827 957 3891 &minori
971 3826 1002 3888 in
1016 3824 1114 3907 pretio
1126 3822 1247 3886 habita:
1264 3822 1392 3905 Singula
1402 3824 1487 3887 enim
1499 3846 1572 3907 qua·
1601 3822 1768 3887 Kuruudu:
1788 3824 1861 3887 mihi
1880 3824 1920 3907 est
1943 3826 2060 3891 Laurus
2075 3823 2234 3908 Zeysunice,
2256 3824 2434 3906 bacdseely·

741 3914 780 3977 de
797 3852 984 3976 idrlabarica
1000 3910 1203 3993 predicantur
1222 3909 1261 3970 ab
1275 3908 1459 3984 timoribus,
1476 3907 1572 3972 subli·
1602 3908 1714 3986 culatis,
1737 3931 1773 3972 ex
1796 3932 1853 3993 que
1879 3907 2102 3975 cinnamomum.
2147 3906 2240 3975 Mira
2258 3924 2373 3975 nature
2384 3912 2434 3975 di·

739 3999 832 4063 miori
845 3998 939 4081 gradu
955 3994 986 4059 in
999 3992 1151 4079 Geylrneust
1164 3993 1369 4073 reperiuntur,
1393 3991 1571 4078 quamqui-
1603 3992 1721 4077 voſsius
1759 3992 1790 4057 iu
1825 3992 1878 4058 bac
1919 3998 2019 4061 urbere
2058 3993 2245 4081 conspicitur:
2277 3994 2436 4079 destillaret·

741 4084 811 4147 dem
823 4082 959 4166 pluribus
975 4080 1026 4145 bic
1041 4094 1076 4143 ut
1088 4077 1299 4153 describerem,
1322 4076 1491 4161 &gestiret
1504 4078 1572 4143 ani·
1604 4102 1639 4140 ee
1670 4078 1777 4143 radicis
1800 4084 1911 4157 cortice,
1932 4079 2104 4165 Cemphrre,
2128 4079 2299 4165 q'usdemque
2326 4079 2435 4145 ouum.-

744 4192 827 4244 mus,
851 4168 881 4233 δι
898 4167 1033 4230 materiae
1052 4164 1188 4247 exigeret
1203 4164 1346 4239 affinitas,
1368 4164 1446 4249 quin
1466 4164 1497 4228 br
1512 4186 1572 4228 no-
1604 4187 1639 4227 α
1651 4165 1745 4229 trunci
1756 4166 1852 4229 cortice
1865 4166 1951 4230 oleum
1961 4166 2160 4231 cinnamomi:
2184 4188 2218 4227 ex
2225 4164 2324 4247 feliis,
2347 4166 2435 4229 eleum

743 4255 858 4319 bilitas.
903 4248 1021 4314 Venlm
1043 4246 1114 4313 ciam
1134 4248 1262 4319 aliorum
1282 4248 1400 4313 labores
1423 4268 1508 4313 meos
1525 4250 1573 4313 sa·
1606 4249 1868 4335 Curyepbyllorum:
1905 4262 1956 4313 ex·
1965 4252 2127 4334 fructibus,
2161 4250 2248 4314 oleum
2268 4251 2339 4333 juni
2357 4252 2434 4317 crine

742 4359 814 4404 cere
829 4336 938 4409 nolim,
962 4336 1042 4399 hanc
1063 4334 1202 4417 lampada
1224 4330 1288 4399 0⁰.
1305 4336 1449 4400 Hermam
1465 4334 1574 4399 lubens
1594 4333 1700 4423 sumile,
1722 4358 1784 4401 eum
1801 4336 1929 4421 pauxillo
1943 4335 2120 4401 Cinnanremi
2132 4265 2434 4421 ucCeryrphysdrura,

732 4424 849 4496 ¹trado,
864 4422 916 4505 qui
932 4420 985 4485 suo
999 4436 1136 4500 tempore
1155 4416 1370 4481 exactissimam
1383 4418 1573 4493 Ciununemi,
1607 4420 1743 4483 mixtum:
1764 4444 1798 4483 ex
1815 4421 1859 4484 hir
1873 4424 1908 4487 is
1933 4422 2092 4506 excoquitur
2110 4420 2197 4486 eleum
2216 4421 2333 4507 pingue,
2356 4422 2435 4508 crus-

745 4509 948 4589 omniumqoe
978 4505 1150 4589 plantarum
1180 4502 1377 4591 Ceysenenfium
1406 4504 1573 4577 historiam,
1599 4502 1677 4587 serm,
1714 4505 1803 4590 irfiar
1840 4530 1921 4579 τινα,
1954 4508 1997 4569 ed
2025 4506 2185 4591 emplastra,
2218 4522 2372 4587 unguente,
2393 4528 2436 4580 ,ee

749 4592 915 4677 posteritati
944 4612 1008 4653 non
1037 4586 1209 4653 invidebit.‘
1254 4589 1435 4738 Adgungere
1471 4604 1575 4653 tamen
1608 4589 1732 4653 cathlae
1764 4590 1951 4671 conficiendae,
1976 4590 2230 4695 eemmodrffimun3
2253 4591 2435 4659 medicamen.

748 4678 848 4751 lubet,
870 4676 1024 4741 coronidis
1039 4674 1121 4747 loco,
1143 4669 1234 4755 ipsius
1249 4694 1300 4739 ver
1323 4696 1353 4749 a,
1375 4674 1485 4759 quibus
1502 4671 1576 4737 Ciu·
1607 4689 1669 4739 turn
1691 4674 1788 4741 iridem
1812 4676 1919 4743 inruat
1940 4678 1977 4743 ὅ
2004 4692 2113 4743 externe
2138 4676 2437 4766 usrerputum‚'fiemul

749 4762 870 4833 mmemi
883 4780 984 4825 ramos
1010 4758 1198 4840 complures,
1223 4757 1284 4821 unul
1311 4781 1383 4849 cum
1411 4758 1580 4823 arbusculis
1611 4762 1775 4846 euudyuum.
2116 4784 2127 4802 ⁰

871 4911 901 4983 L
923 4913 954 4982 Α
976 4906 1008 4979 U
1034 4906 1062 4969 R
1083 4904 1115 4969 U
1139 4904 1159 4969 S
1218 4902 1247 4965 C
1270 4905 1298 4967 A
1322 4902 1341 4967 S
1365 4902 1384 4969 S
1408 4902 1423 4969 l
1447 4909 1490 4971 A.
1668 4934 1673 4941 ·
1867 4910 2015 4991 synonyma
2038 4910 2209 4975 authorum.-

1038 5012 1057 5064 c
1080 5012 1100 5057 ι
1125 5010 1149 5055 a
1173 5010 1187 5055 s
1211 5010 1226 5057 s
1251 5011 1321 5055 rs
1655 4989 1777 5055 Laurus
1816 4992 1896 5059 foliis
1925 4997 2120 5075 triplinerviis
2148 4995 2335 5065 lanceolatir.
2387 4997 2436 5068 1²1.

752 5104 822 5155 nu
848 5098 1012 5151 urrann
1040 5096 1061 5139 o
1086 5095 1107 5138 a
1133 5096 1188 5140 re
1236 5092 1579 5143 uouoorura.
1611 5076 2078 5170 zeyl.146.Mat.med·191.

734 5200 737 5209 .
1011 5160 1168 5229 clarano
1185 5160 1336 5243 generieur.
1655 5160 1899 5229 cinnamomum
1908 5184 2056 5249 perpetuo
2071 5167 2194 5246 florens,
2207 5168 2283 5235 solio
2298 5172 2439 5239 tenuiore

725 5280 730 5287 ·
797 5246 1351 5333 Cato.Cor.c21ycina,o-partr'ra.
1399 5242 1580 5313 Nauorum
1612 5263 1716 5311 acute.
1759 5245 1865 5316 Burm.
1883 5251 1964 5334 aeyl.
1983 5252 2038 5334 ⁶3·
2052 5269 2077 5316 t.
2098 5252 2149 5317 28.
2444 5320 2451 5347 ι

779 5337 911 5405 leudulis
940 5356 972 5424 3,
997 5333 1110 5408 bisetis,
1132 5352 1259 5413 germen
1274 5332 1481 5418 cingentibus.
1526 5330 1579 5397 Fi·
1655 5330 1897 5401 cinnamomum
1925 5336 1945 5400 s.
1969 5333 2100 5402 Canella
2115 5338 2297 5405 mulabarica
2313 5340 2335 5405 f.
2349 5343 2437 5431 juvar

751 5364 1275 5571 iumentainterioqalglandulifera.
1299 5412 1579 5505 [hepar-sperma.
1612 5414 1722 5483 nenses.
1766 5417 1867 5487 Beuh.
1889 5421 2041 5571 pianoa·
2066 5507 2091 5570 s

1091 5526 1123 5565 en
1180 5526 1218 5567 ecr
1253 5524 1311 5567 un.
2077 5532 2114 5571 r.

798 5592 918 5663 Laurus
934 5590 991 5661 fol.
1006 5503 1406 5678 tridblnerilislinceolatie.
1653 5584 1781 5656 Habitat
1791 5592 1824 5656 in
1839 5507 2192 5672 Mursarsa‘lisudaen
2202 5590 2294 5679 Jara.
2327 5590 2395 5661 Lm
2404 5610 2438 5665 u.

1103 5788 1108 5797 ⁴
1320 5690 1354 5772 r
1465 5690 1487 5773 1
1601 5691 1644 5773 N
1756 5692 1778 5772 1
1891 5693 1916 5771 s

1121 5800 2156 5889 Pauursrarura.

2034 6016 2447 6105 INDEX
