6092 6950
1011 829 1971 953 uncaunusc'us.
2121 867 2128 880 ·
2260 873 2327 978 29

669 1324 2217 1520 'NATLSCHAMBU

883 1729 1332 1894 nunsula
1402 1774 2120 1896 ununccuusts.
2175 1927 2229 1940 Ὺ

1183 2335 1187 2344 ·
1354 2298 1655 2385 FIG.180

554 2627 559 2635 .
608 2517 612 2528 ⁴
809 2523 1101 2618 Ati-Schtmbu,
1131 2552 1219 2633 quae
1248 2523 1366 2604 altera
1393 2504 1538 2637 species
1568 2521 1698 2606 Iambu
1729 2523 1798 2622 est,
1834 2525 1932 2636 ling.
1973 2528 2104 2610 Bram.
2138 2527 2332 2626 Schambu,
2496 2595 2502 2608 ,

674 2542 803 2780 N
826 2640 939 2738 arbor
956 2663 1115 2747 quoque
1133 2635 1298 2720 excelsa.
1401 2653 1410 2670 ’
1566 2651 1569 2656 ·
2094 2639 2110 2666 ·
2370 2667 2375 2678 .

731 2863 857 2946 Radix
893 2853 1025 2955 cralla,
1067 2887 1194 2942 ramos
1233 2862 1539 2970 quaquaversum
1580 2858 1820 2956 diffundens,
1864 2863 2009 2943 cortice
2046 2864 2254 2961 albicante,
2291 2887 2337 2944 ac

675 2979 828 3059 cinerea
856 2973 1059 3068 curticula,
1091 2999 1178 3082 quae
1208 2972 1325 3054 facile
1353 2974 1396 3053 in
1429 2973 1607 3084 squamas
1635 2975 1847 3073 deteritur,
1878 2975 2064 3072 obducto,
2095 2977 2166 3088 qui
2194 2977 2337 3088 saporis

677 3090 732 3171 est
753 3088 1037 3197 adstringentis,
1067 3085 1179 3195 ligno
1202 3086 1318 3200 ¹intus
1336 3084 1542 3170 albicante.

736 3312 886 3396 Caudex
904 3313 1056 3392 ambitu
1076 3309 1193 3390 unius
1218 3308 1395 3390 heminis
1419 3312 1649 3420 amplexum
1668 3311 1852 3422 implens,
1882 3310 2028 3392 cortice
2060 3309 2228 3389 exterius
2257 3309 2341 3389 scas

677 3427 751 3507 bro
786 3422 1164 3523 ruffe-viridescente
1192 3449 1237 3501 ac
1275 3422 1406 3516 molli,
1435 3423 1542 3503 intus
1570 3423 1775 3521 albicante,
1813 3423 1884 3531 qui
1923 3421 2208 3531 adstringentis,
2238 3421 2341 3503 acidi

679 3536 881 3645 vinofique
894 3533 1037 3642 saporis
1056 3531 1124 3612 est.

737 3760 860 3853 Fun,
891 3785 978 3866 que
1007 3756 1048 3836 in
1067 3754 1224 3867 petiolis
1243 3754 1485 3837 csaflioribus
1505 3756 1625 3840 curtis
1645 3757 1739 3839 bina
1767 3760 1807 3841 bt
1837 3757 1930 3841 bina
1948 3734 2197 3869 preveniunt,
2226 3784 2344 3868 gran·

682 3872 793 3953 diora
811 3871 900 3950 sunt
918 3865 997 3949 illis
1026 3867 1163 3978 primae
1192 3867 1348 3979 speciei,
1376 3866 1506 3949 forma
1535 3871 1583 3950 ad
1610 3870 1862 3952 latitudinem
1880 3870 2011 3957 minus
2031 3871 2216 3981 oblonga,
2246 3896 2345 3950 con-

682 4001 839 4064 textura
860 4008 1019 4091 quoque
1038 3980 1166 4075 densa,
1196 3979 1327 4061 solida
1339 4007 1383 4059 ac
1408 3982 1595 4077 craffiola,
1612 3982 1812 4095 superficie
1832 4009 1990 4091 quoque
2008 3983 2125 4093 plana
2143 3984 2182 4062 sc
2197 3980 2344 4091 glabna,

653 4115 658 4124 '
683 4095 822 4177 viroris
851 4093 894 4172 in
925 4096 1028 4173 recta
1055 4090 1218 4173 fusci&
1247 4085 1423 4187 nitentis,
1452 4094 1494 4171 in
1514 4092 1666 4173 adversa
1693 4094 1801 4188 clari,
1831 4094 1972 4205 saporis
2005 4094 2274 4204 adstringentis
2307 4094 2348 4174 bt
2418 4107 2419 4115 '

686 4208 812 4317 magis
839 4205 941 4285 acidi
959 4204 1022 4284 seu
1051 4204 1186 4299 vinofi,
1216 4204 1347 4285 odoris
1363 4230 1523 4315 quoque
1541 4232 1681 4317 parum
1700 4205 1815 4302 acidi,
1845 4234 1940 4289 cum
1958 4204 2214 4300 marcescunt,
2249 4204 2347 4286 flavo

688 4334 847 4428 quoque
866 4315 996 4398 colore
1015 4311 1240 4426 tinguntur.

713 4542 873 4629 ‚Floret
901 4538 1030 4622 forma
1056 4539 1178 4621 iidem
1209 4541 1249 4619 bc
1274 4539 1461 4651 penlcillo
1484 4538 1696 4622 staminum
1728 4540 1911 4640 breviori,
1941 4532 2108 4651 suntque
2131 4532 2231 4647 folia,
2255 4567 2350 4622 cum

613 4696 632 4734 ·.
689 4653 802 4762 style,
834 4670 878 4733 ut
897 4651 1144 4762 &penicillo
1170 4652 1396 4747 staminum,
1426 4678 1514 4761 quae
1533 4652 1709 4763 apicibus
1730 4652 1805 4734 suis
1824 4654 1931 4735 flavis
1949 4653 2014 4734 seu
2034 4652 2198 4734 subrufis
2219 4652 2350 4732 dotata
2419 4664 2426 4695 ’
2502 4732 2506 4742 .

512 4780 520 4795 ·
582 4772 586 4779 ’
692 4766 795 4860 sunt,
825 4764 1164 4955 putfureo-rubro
1179 4762 1339 4844 nitentis
1353 4762 1612 4874 pulcherrimi
1631 4792 1675 4844 ac
1693 4764 1814 4847 vividi
1838 4764 1995 4860 coloris,
2025 4761 2201 4875 primiun
2218 4762 2349 4845 odoris

692 4876 855 4971 nullius,
911 4877 977 4956 ein
995 4902 1090 4956 cum
1117 4874 1372 4972 marcescunt,
1402 4871 1543 4987 parlim
1561 4876 1677 4958 acidi.

750 5098 869 5211 Cabx
887 5123 1046 5208 quoque
1074 5115 1242 5208 quatuor
1258 5096 1444 5200 viridium
1468 5094 1632 5180 interibs
1651 5096 2061 5185 cochleato-cavorum
2080 5096 2284 5182 foliorum.

752 5326 931 5417 Fructus,
962 5322 1033 5431 qui
1061 5348 1221 5432 quoque
1237 5348 1285 5402 ex
1304 5322 1434 5431 calyce
1447 5324 1691 5418 exoriuntur,
1720 5326 1886 5435 majores
1911 5324 2001 5411 sunt
2017 5323 2095 5405 illis
2111 5324 2248 5435 primae
2267 5322 2354 5431 spe·

697 5436 786 5530 cici,
815 5432 1318 5545 forma,oblongo·rotundi
1350 5436 1390 5514 bc
1414 5434 1462 5515 ad
1491 5435 1687 5546 petiolum
1713 5436 1932 5531 strictiores,
1961 5437 2004 5515 in
2035 5438 2179 5517 vertice
2197 5460 2358 5543 quoque
2397 5517 2401 5537 ‚

698 5546 892 5626 umbilico
924 5544 1067 5626 florum
1096 5546 1211 5627 claufi
1247 5546 1287 5624 bc
1321 5543 1426 5625 foliis
1452 5546 1512 5627 cal
1538 5548 1594 5629 cis
1623 5547 1811 5630 viridibus
1832 5547 1879 5629 ad
1905 5547 2131 5629 seinvicem
2150 5546 2363 5625 contractis·

701 5657 889 5751 coronati,
919 5657 1085 5766 suntque
1112 5653 1289 5768 primiun
1311 5656 1468 5753 virides,
1498 5576 1588 5739 Xein
1629 5674 1678 5741 εκ
1715 5660 1830 5741 viridi
1867 5658 2092 5754 albicantes,
2121 5657 2207 5767 post
2235 5657 2361 5737 virore

701 5768 864 5848 evanido
882 5767 1107 5864 albicantes,
1131 5765 1230 5850 cium
1255 5770 1414 5865 maturi,
1444 5770 1492 5849 ad
1526 5798 1645 5851 unam
1677 5790 1830 5882 partem
1859 5770 2027 5866 candidi,
2057 5770 2105 5850 ad
2142 5768 2259 5849 aliam
2291 5796 2360 5849 ru-

702 5878 914 5983 besceutes,
943 5906 987 5961 ac
1005 5882 1108 5963 inter
1133 5880 1346 5991 candidum
1377 5882 1553 5967 colorem
1579 5882 1679 5969 striis
1707 5883 1834 5969 nebris
1852 5880 2010 5997 perfufi,
2040 5879 2186 5967 cortice
2205 5907 2366 6075 ffique

748 6044 751 6047 ·
1036 6020 1068 6105 4
1227 6025 1231 6036 ’
2141 6012 2208 6077 ten
2279 6017 2364 6074 imo
