6092 6950
975 849 1938 1066 ustauaaucus

957 1274 1148 1404 ·r
1457 1195 1521 1403 a
1804 1289 1871 1404 r.

789 1499 2077 1724 ⁹asuuuo'sarunos.

1329 1911 1501 1994 FIG.
1567 1915 1631 1996 16.

752 2271 847 2434 cenp1
863 2244 905 2322 in
930 2239 1108 2333 arenosas,
1137 2240 1180 2320 in
1212 2236 1405 2318 excelsam
1419 2231 1696 2336 altitudiacm,
1728 2269 1815 2350 quae
1833 2269 1921 2324 earn
1951 2238 2077 2352 Tsngu
2095 2243 2311 2354 exsuperat,

753 2383 821 2436 eva
848 2381 930 2435 ens.

657 2134 779 2394 IL
800 2135 842 2216 Y
868 2129 1008 2238 lingua
1025 2127 1266 2210 Brammum
1288 2122 1385 2232 Va‘st,
1416 2127 1543 2208 nostra
1561 2091 1769 2212 communi
1786 2127 1946 2226 samba,
1977 2129 2032 2212 est
2060 2133 2192 2214 Arbor
2224 2131 2311 2218 nas-

710 2510 836 2593 Radix
854 2509 902 2589 ab
922 2507 1006 2620 ipso
1028 2507 1157 2618 stipite
1176 2534 1257 2588 non
1276 2507 1452 2589 multum
1470 2503 1669 2602 differens,
1700 2507 1771 2586 nist
1797 2508 1905 2614 quod
1924 2504 2095 2594 albicans
2115 2511 2155 2590 dt
2183 2509 2311 2618 pluri-

651 2622 731 2704 mis
751 2621 933 2703 radiculis
953 2620 1017 2701 seu
1038 2619 1146 2700 fibris
1166 2620 1212 2700 fit
1230 2619 1378 2714 vestita,
1409 2647 1459 2699 ex
1479 2619 1688 2727 geniculis,
1720 2619 1865 2727 quibus
1885 2619 2085 2699 distintius
2100 2621 2168 2714 est,
2191 2649 2311 2702 novos

652 2734 792 2816 oculos
810 2731 874 2812 seu
906 2731 1119 2813 cauliculos
1147 2730 1390 2840 geniculatus
1409 2731 1571 2824 emittit,
1602 2750 1719 2840 atque
1752 2727 1796 2808 hi
1824 2731 1942 2812 etiam
1965 2731 2059 2812 alios
2086 2759 2135 2814 cx
2166 2732 2311 2842 quibus

654 2863 843 2954 tanquam
863 2845 974 2940 novis
993 2842 1186 2924 radicibus
1206 2843 1335 2922 caules
1354 2843 1484 2952 plures
1509 2843 1624 2922 fimul
1637 2843 1767 2952 junsli
1786 2841 1997 2952 affurgunt,
2014 2862 2130 2951 atque
2146 2845 2199 2926 ita
2218 2867 2312 2926 cau-

652 2956 710 3037 les
730 2955 875 3037 novelli
887 2983 983 3036 curn
1002 2954 1079 3034 suis
1099 2954 1281 3054 radiculis
1301 2954 1417 3035 avulsa
1442 2953 1782 3064 proseminantura
1816 2955 1957 3034 Caules
1977 2956 2109 3036 autem
2137 2957 2310 3048 rotundi,

556 3120 562 3128 »
654 3069 800 3149 cortice
818 3065 949 3168 viridi,
975 3065 1065 3146 duri
1089 3069 1129 3148 δι
1154 3067 1368 3174 geniculati
1393 3065 1482 3146 sunt
1499 3093 1549 3146 ex
1569 3065 1760 3176 geniculis
1781 3093 1901 3148 novos
1917 3094 2045 3149 ramos
2065 3066 2313 3178 surculosque

654 3179 893 3289 emittentes,
921 3197 1038 3287 atquc
1056 3179 1099 3258 in
1119 3177 1209 3288 ipsis
1227 3178 1420 3288 geniculis
1439 3178 1561 3288 spinis
1580 3178 1778 3288 oblongis,
1809 3179 1959 3288 rigidis,
1981 3180 2119 3275 acutis,
2151 3207 2232 3261 uno
2252 3179 2311 3263 vel

653 3293 773 3372 etiam
792 3289 947 3371 duobus
961 3289 1186 3402 pluribusve
1208 3291 1369 3385 muniti,
1399 3291 1507 3373 intus
1534 3289 1690 3370 fistulofi
1707 3289 1843 3370 fistulis
1870 3290 2094 3370 subtilibus.

711 3453 875 3563 Stipites,
900 3450 971 3558 qui
987 3476 1039 3529 ex
1059 3446 1187 3527 radice
1201 3446 1282 3556 ipsa
1296 3448 1526 3557 exsurgunt,
1544 3450 1592 3529 ad
1611 3450 1781 3527 duorum
1802 3445 1970 3525 triumve
1988 3441 2202 3531 lmnunum
2221 3451 2314 3533 alti-

652 3564 836 3647 tudinem
849 3563 886 3643 se
904 3562 1075 3668 erigunt,
1096 3556 1322 3667 priusquam
1334 3559 1513 3638 *laterales
1540 3558 1709 3639 ramulos
1730 3556 1793 3636 seu
1813 3556 1984 3639 surculos
2005 3556 2247 3659 diffindunt,
2268 3592 2313 3647 ac

652 3666 817 3766 craffit'ie
837 3672 962 3759 ferme
980 3670 1098 3771 unius
1117 3664 1318 3776 spithamae
1339 3667 1524 3764 evadunt,
1553 3666 1648 3751 cbm
1667 3669 1790 3751 teneri
1818 3696 1862 3747 ac
1878 3668 2022 3760 novelli
2041 3671 2130 3756 sunt
2148 3673 2312 3784 stipites,

654 3789 714 3867 uti
743 3790 784 3867 sc
818 3785 916 3866 rami
944 3780 1069 3862 ferme
1088 3779 1215 3873 solidi,
1246 3780 1294 3857 in·
1318 3780 1452 3859 medio
1471 3810 1553 3863 uno
1585 3778 1739 3861 tantbm
1760 3808 1879 3890 parvo
1898 3779 2040 3869 ‚tubulo
2060 3778 2197 3893 pervii,
2218 3784 2314 3873 clim

655 3896 828 3981 maximi
847 3894 993 3979 novelli
1022 3893 1125 3986 sunt,
1146 3890 1189 3970 in
1209 3889 1356 3985 medio,
1378 3892 1448 3974 ubi
1469 3892 1632 3974 tubulus
1658 3894 1841 4003 aperitur,
1863 3912 1956 3973 nota
1974 3894 2167 3976 albicante
2194 3898 2310 3995 sunt3

655 4008 750 4098 cium
768 4008 1006 4101 vetustiores,
1037 4006 1144 4084 intus
1163 4001 1261 4097 cavi,
1291 4004 1331 4083 δε
1350 4002 1399 4081 ad
1415 4004 1620 4113 geniculus
1651 4004 1968 4115 intersepimento
1997 4004 2147 4113 lignoso
2181 4010 2312 4105 claust,

655 4126 697 4205 bc
723 4118 886 4202 interius
904 4116 1133 4199 membrana
1152 4116 1275 4209 tenui,
1296 4114 1489 4195 albicante
1516 4116 1692 4210 obdusti,
1713 4116 1969 4221 constantque
1987 4115 2161 4224 lignosa,
2188 4120 2313 4215 duris,

539 4287 542 4296 ·
655 4233 915 4314 albicantibus
933 4228 1157 4319 filamentis,
1187 4221 1282 4305 cirm
1301 4228 1509 4309 teneriores
1535 4227 1638 4321 sunt,
1659 4223 1826 4307 exteribs
1846 4226 2112 4323 viridi-fusci5
2136 4226 2230 4318 cium
2244 4260 2313 4313 ve·

564 4415 575 4445 ,
656 4345 847 4437 tustiores,
878 4369 926 4421 ex
958 4341 1049 4421 albo
1078 4338 1235 4423 slavi&
1260 4338 1420 4421 nitentis
1451 4338 1617 4434 coloris,¹
1638 4338 1750 4418 nullo
1769 4338 1928 4433 cortice,
1959 4340 2029 4446 qui
2048 4340 2206 4449 lignosrs
2226 4343 2313 4423 fita„

655 4457 799 4536 mentis
828 4452 1090 4534 interstindtus
1110 4449 1177 4544 est,
1197 4447 1350 4531 vestiti:
1383 4451 1541 4560 Stipites
1561 4448 1679 4559 hujus
1696 4449 1842 4531 arboris
1861 4476 1955 4532 cum
1970 4452 2191 4535 vetustiores
2210 4455 2312 4553 sunt,

624 4590 627 4596 ·
655 4568 789 4677 aliquo
808 4592 947 4677 genere
965 4561 1081 4643 calcis
1094 4562 1143 4641 in
1162 4562 1323 4641 cavitate
1342 4561 1609 4658 obducuntur,
1631 4589 1718 4670 quae
1733 4562 1817 4642 usui
1836 4562 1991 4642 medico
2009 4562 2188 4647 servatur.

711 4722 831 4813 Folia,
848 4746 934 4827 quae
953 4715 1144 4826 geniculis
1164 4715 1338 4795 caulium
1357 4714 1585 4795 breviffimis
1605 4716 1760 4824 petiolis
1774 4714 1953 4811 insrderit,
1970 4716 2087 4828 longa
2102 4720 2141 4798 bc
2156 4720 2315 4831 angusta

655 4830 744 4927 sunt
761 4829 1010 4941 longitudine
1041 4829 1158 4907 unius
1177 4825 1392 4937 spithamas,
1423 4826 1629 4906 latitudine
1649 4854 1735 4935 quaa
1754 4830 1801 4907 ad
1832 4828 2026 4937 petiolum
2054 4833 2226 4911 maxima
2242 4834 2313 4927 est,

654 4944 820 5051 digitali,
850 4942 976 5020 versus
1011 4939 1277 5021 summitatem
1309 4938 1445 5019 scnsrm
1479 4938 1619 5033 stridis,
1641 4940 1749 5021 venis
1783 4940 1824 5019 in
1847 4940 2020 5049 longum
2047 4940 2187 5037 striata,
2211 4944 2252 5023 dt
2271 4944 2315 5025 in

652 5054 836 5145 exteriori
866 5068 973 5161 parts
1005 5051 1060 5131 inv
1082 5047 1214 5133 medio
1239 5078 1320 5131 uno
1349 5077 1467 5132 nervo
1489 5048 1624 5144 obfita,
1656 5052 1734 5133 oris
1762 5051 1890 5161 aspera
1917 5054 1945 5131 fi
1973 5052 2099 5135 versus
2118 5052 2316 5163 vinferiora

655 5167 906 5277 stringantur,
937 5161 1074 5241 viroris
1093 5163 1279 5270 utrinque
1293 5162 1533 5245 communis.

711 5324 750 5406 F
750 5322 840 5401 lares
855 5318 896 5399 in
912 5318 1025 5429 spicis
1040 5316 1262 5427 squamosis,
1290 5318 1363 5429 qui
1380 5318 1538 5404 nodulis
1560 5321 1732 5405 caulium
1744 5324 2012 5435 congregatim
2025 5326 2205 5422 insident,
2221 5356 2316 5438 pro-

615 5508 620 5515 .
657 5433 833 5525 veniunt,
864 5450 981 5539 atque
999 5457 1048 5510 ex
1074 5430 1189 5539 spicis
1205 5430 1345 5619 apertis
1367 5431 1596 5512 tenuissimis
1617 5432 1824 5533 filamentis
1853 5436 2086 5547 dependent,
2104 5440 2205 5521 intra
2220 5466 2316 5547 quas

654 5546 694 5626 se
714 5543 853 5624 deinde
882 5543 1076 5655 recipiunt
1090 5542 1198 5623 velut
1243 5568 1328 5621 ores
1343 5542 1476 5651 spicati
1499 5572 1640 5653 oryza,
1657 5544 1823 5657 suntque
1842 5548 1981 5630 deinde
1995 5550 2036 5630 in
2057 5550 2170 5661 spicis
2186 5542 2322 5631 tritico'

658 5656 815 5749 similes,
846 5653 916 5735 nist
937 5655 1044 5764 quod
1073 5654 1243 5735 minores
1273 5652 1389 5748 sunt3
1421 5653 1655 5764 sexagesrmo
1669 5685 1772 5740 anno
1791 5658 1814 5741 i
1833 5660 1991 5757 satione,
2012 5681 2056 5746 ut
2070 5660 2217 5757 ferunt,
2233 5659 2317 5743 haec

658 5766 771 5868 arbor
789 5765 900 5848 flores
915 5764 992 5847 fert
1006 5792 1076 5875 per
1089 5794 1214 5855 unum
1229 5763 1352 5847 ferme
1369 5766 1544 5857 mensem
1558 5768 1739 5877 proximi
1754 5790 1842 5853 ante
1855 5770 1998 5853 florum
2013 5792 2208 5868 exortum,
2233 5773 2317 5887 pri-

657 5874 774 5963 mbm
786 5877 971 5961 omnibus
985 5876 1098 5964 foliis.
1110 5876 1308 5990 spoliatur,
1338 5877 1380 5963 δι
1393 5878 1600 5991 postquam
1614 5880 1809 5982 defloruit,
1834 5883 2035 5969 emoritur.

609 6012 634 6096 s
715 6068 904 6157 vona
975 6196 978 6200 γ
1257 6179 1260 6184 ¹
1336 6080 1343 6087 ·
1522 6073 1561 6178 a
2049 6012 2324 6165 vr'aus
