6092 6950
1513 814 1647 934 48
2538 807 2643 905 H
2783 810 2876 905 o
3025 804 3794 908 R⁴rth

3401 987 3406 991 .
4040 950 4055 983 Ι

1518 1024 1863 1118 rotundi,
1924 1023 2185 1103 colore
2245 1045 2561 1131 quoque
2616 1017 2878 1101 minus
2939 1021 3205 1118 rubro,
3266 1014 3511 1131 quam
3567 1020 3686 1102 illi
3765 1022 4201 1132 Any-Ala,
4263 1019 4597 1128 suntque
4659 1021 4821 1103 illis

1514 1139 1908 1255 Itty-Alu-
1938 1133 2171 1246 plane
2237 1133 2518 1214 similes
2583 1160 2774 1216 cum
2854 1135 3242 1219 umbilico
3317 1162 3584 1247 parv0‚
3645 1136 3731 1216 in
3810 1135 4095 1217 vertice
4177 1133 4530 1219 formicis
4605 1134 4819 1214 intus

1510 1267 1885 1330 carentes.

1630 1473 1728 1552 In
1778 1468 1986 1551 hisce
2045 1469 2427 1550 fructibus
2481 1473 2751 1551 Grana
2791 1497 3110 1578 quoque
3161 1469 3589 1563 numerosa,
3651 1470 3917 1551 eadem
3969 1497 4158 1552 cum
4196 1468 4353 1551 illis
4413 1471 4820 1579 Atty-Alu

1512 1581 2083 1694 magnitudine,
2145 1581 2403 1661 semen
2458 1584 2866 1661 minutum
2916 1583 3306 1691 nigricans
3347 1583 3430 1660 in
3469 1582 3543 1663 se
3571 1584 4099 1667 recondentia.

1628 1806 1769 1885 Est
1817 1803 1984 1885 haec
2047 1801 2274 1884 arbor
2333 1805 2510 1884 Deo
2582 1802 2831 1912 Vg'stnu
2886 1802 3190 1898 sacrata,
3252 1830 3493 1913 quem
3551 1805 3693 1885 sub
3752 1832 3838 1885 ea
3911 1824 4183 1885 natum
4251 1802 4397 1884 effe
4450 1805 4530 1883 ὅτ,
4596 1802 4818 1883 flores

1516 1917 1882 1998 sustuliffe
1954 1913 2040 1994 hi
2114 1914 2441 2023 gentiles
2510 1914 2823 1995 fantur:
2887 1914 3150 2024 estque
3211 1943 3311 1994 ex
3367 1916 3742 2026 religione
3799 1916 4144 2026 ipsorum
4209 1913 4417 1994 hanc
4483 1916 4818 2008 adorare,

1506 2056 1745 2109 muro
1811 2029 2166 2138 lapidum
2233 2028 2571 2135 cingere,
2633 2053 2959 2135 eamque
3033 2027 3160 2106 seu
3250 2027 3544 2137 lapides
3613 2030 3844 2136 juxta
3897 2029 4182 2138 pofitos
4250 2025 4486 2107 rubro
4561 2025 4821 2109 colore

1507 2139 1830 2251 fignare,
1894 2137 2406 2248 quamobrem
2442 2137 2539 2217 ab
2590 2137 2871 2218 incolis
2932 2135 3390 2221 Christianis
3429 2140 3690 2223 Arbor
3737 2139 4054 2224 Diaboli
4084 2139 4561 2224 nominatur.

2585 2364 3135 2444 VJRES
3273 2365 3873 2475 nyso-s„-

1508 2497 1900 2639 RAdicis
1978 2498 2251 2578 Cortex
2320 2497 2401 2575 in
2471 2497 2792 2581 decocto
2868 2498 3093 2581 datus
3166 2501 3438 2583 colerae
3486 2501 4013 2584 acrimoniam
4067 2501 4441 2582 obtundit
4493 2503 4574 2582 ὅτ.
4640 2501 4810 2582 san-

1695 2611 2023 2716 guinem
2073 2608 2462 2716 purificat,
2524 2610 2788 2719 estque
2847 2612 2929 2694 in
2969 2609 3321 2694 febribus
3360 2614 3540 2694 fixis
3592 2616 3672 2693 ὅτ,
3711 2614 4066 2694 radicatis
4123 2613 4497 2724 praefidio.
4617 2615 4812 2694 Cor-

1506 2739 1634 2803 tex
1687 2719 2007 2801 Arboris
2067 2719 2161 2798 ad
2202 2720 2559 2799 ulcerum
2619 2722 3097 2802 sanationem
3133 2725 3509 2805 conducit
3569 2728 3796 2806 tritus
3857 2728 3936 2805 &
4002 2725 4418 2835 appofitus,
4480 2751 4568 2804 ac
4626 2753 4816 2805 cum

1502 2857 1707 2939 aqua
1767 2831 2043 2911 eodem
2091 2830 2331 2910 modo
2383 2829 2783 2912 adhibitus
2858 2834 3164 2943 prodest
3233 2855 3388 2946 pro‘
3436 2838 3717 2918 morbo
3763 2836 3996 2918 sacro,
4113 2839 4386 2918 Succus
4448 2837 4819 2920 Foliorum

1504 2941 1923 3050 expreffus,
1984 2968 2071 3020 ac
2135 2969 2336 3132 {tum
2407 2941 2582 3026 oleo
2673 2943 3066 3042 decoetus,
3128 2947 3501 3031 conducit
3557 2951 3642 3034 in
3725 2948 3941 3030 febre
4014 2947 4430 3058 podagrica
4493 2974 4812 3059 corpore

1503 3079 1700 3134 cum
1737 3079 1830 3132 eo
1885 3078 2133 3162 perun
2213 3080 2289 3132 0.

2961 3283 3040 3363 F
3093 3284 3298 3363 IG.
3422 3309 3556 3395 27.

1589 3416 1879 3488 Tertiam
1924 3422 2085 3487 hanc
2144 3420 2402 3521 speciem
2441 3443 2570 3489 non
2611 3422 2954 3509 incongrue
3010 3446 3117 3508 ap·
3144 3429 3260 3573 ¹Iio
3319 3426 3622 3517 cuspidem,
3644 3431 3861 3518 fiabra
3918 3429 4176 3510 rotundo,
4213 3441 4426 3515 parvo,
4462 3427 4710 3515 gemino.

1501 3506 1851 3594 pellandam
1909 3509 2152 3585 censeo,
2215 3506 2411 3576 Ftcum
2486 3508 2967 3597 Malebarensem,
3011 3514 3125 3599 so-

1618 3828 2051 3897 FICUS
2158 3825 3014 3939 RELIGJOSA.
3709 3836 4287 3925 Nomenspea’ficum.

3281 3931 3466 4000 Ficus
3531 3936 3661 4017 fol„
3692 3937 3956 4002 cordatis
4034 3937 4321 4025 oblongis
4397 3937 4802 4024 integerrimis

2050 4021 2087 4062 c
2133 4020 2173 4064 1,
2222 4019 2270 4064 Α
2320 4020 2349 4065 8
2400 4018 2429 4062 ³
2475 4020 2502 4065 1
2550 4019 2579 4064 ⁸
3193 4020 3731 4086 acuminatiffimis.

3665 4114 3960 4201 Synonyma
4004 4114 4321 4181 authorum.

3275 4216 3461 4286 Ficus
3510 4219 3673 4286 foliis
3725 4220 3992 4284 cordatis
4056 4217 4341 4303 oblongis
4399 4220 4803 4304 integerrimis

2026 4359 2341 4424 Chamaer
2370 4361 2674 4445 gemm-cus·
3194 4307 3624 4458 ffuminatisid
3670 4305 3855 4371 Hort.
3906 4302 4062 4371 cliff.
4103 4323 4253 4389 471.
4301 4302 4400 4369 Fl.
4451 4305 4617 4390 zeyl.
4650 4325 4801 4390 372.

1591 4483 2076 4567 Receptaculum
2106 4500 2439 4544 commune
2461 4481 2867 4558 turbinatum,
2895 4498 3120 4542 carno-
3258 4412 3456 4541 nli'i’dgs
3481 4412 3864 4540 iircialabxarigii
3891 4411 3972 4553 ιζ.
4014 4473 4166 4538 folio
4212 4475 4547 4559 cuspidato,
4593 4476 4802 4539 frusta

1507 4570 1670 4647 sum,
1746 4570 2108 4641 connivens,
2182 4565 2500 4629 occultans
2556 4564 2834 4630 flosculos
2885 4562 2981 4629 vel
3056 4565 3119 4627 in
3187 4562 3456 4648 rotundo
3492 4582 3681 4646 parvo
3702 4563 3974 4646 gemino.
4026 4559 4204 4627 Pluk.
4237 4560 4378 4625 alm.
4410 4580 4550 4641 144·
4567 4575 4616 4625 t.
4650 4563 4795 4645 178.

1506 4656 1727 4722 eodem
1787 4655 1883 4718 vel
1942 4651 2247 4717 distinelo.
3191 4648 3235 4711 f.
3273 4666 3336 4713 2.
4331 4712 4342 4722 ,

1595 4738 1821 4804 ΜΑεε.
1869 4736 2011 4803 Cal.
2042 4738 2397 4822 3-partitus.
2446 4734 2598 4801 Cor.
2626 4753 2691 4800 o.
2741 4731 2935 4799 Stam-
2967 4753 3030 4819 3.
3107 4767 3117 4775 ·
3187 4792 3220 4823 ὁ
3276 4731 3534 4796 Confer.
3567 4731 3771 4797 Arbor
3799 4732 4229 4801 conciliorum.
4316 4729 4596 4820 Rumph.
4630 4732 4795 4802 amb.
4877 4820 4884 4826 .

1583 4824 1779 4903 Fau.
1807 4822 1948 4890 Cal.
1975 4824 2330 4909 5·partitus.
2358 4820 2510 4891 Cor.
2540 4839 2604 4889 o.
2628 4817 2773 4888 Pist.
2809 4842 2863 4888 ι.
2887 4819 3119 4888 Senia.
3186 4838 3248 4909 3·
3280 4840 3343 4903 p.
3373 4836 3514 4901 ¹42·
3547 4832 3731 4927 t.·9r,
3761 4836 3870 4909 92.

1508 4182 2286 4234 DOLYGAMIA
2449 4181 3125 4232 Taloncln.

3963 5896 4797 6055 'FERALa
