6092 6950
1006 859 1974 1034 Mdununnrcvu
2164 845 2321 997 'm

645 1155 651 1178 '
795 1222 855 1349 c
999 1225 1074 1344 A
1221 1211 1296 1342 V
1441 1213 1516 1339 A
1659 1199 1726 1342 n
1876 1182 1950 1334 A
2091 1207 2194 1339 Μ.

814 1637 817 1644 ,
883 1467 1428 1612 ετεκουιιΑ
1509 1411 2179 1600 unrnuouns(

1338 1918 1645 2037 utum·
1779 1933 1784 1944 '

769 2117 948 2213 Avalam,
978 2115 1078 2228 ling.
1118 2113 1372 2210 Bramanum,
1399 2111 1584 2210 Benearl,
1624 2113 1680 2198 est
1709 2112 1823 2198 arbor
1854 2135 2014 2225 procera
2045 2109 2162 2194 ramis
2195 2101 2322 2194 deuiis

664 2125 765 2370 C
795 2229 1036 2316 transversim
1057 2227 1203 2340 sparsis,
1234 2227 1391 2308 nascens
1415 2229 1457 2308 in
1480 2225 1640 2338 petrosis
1660 2233 1704 2310 dc
1728 2227 1908 2322 arenosis.

853 2339 978 2425 Reduc
1007 2337 1122 2424 crassa
1142 2337 1245 2421 recu
1266 2339 1308 2419 in
1332 2356 1473 2420 terram
1495 2339 1532 2419 se
1555 2339 1765 2422 demittens
1790 2366 1835 2420 ac
1860 2333 1956 2418 hinc
1977 2332 2070 2442 inde
2091 2330 2116 2414 i
2135 2333 2252 2416 latere
2273 2360 2325 2416 ac

657 2450 803 2536 'subtus
833 2453 942 2536 fibris
968 2452 1115 2549 vestita,
1144 2451 1289 2532 cortice
1324 2451 1518 2532 albicante
1549 2452 1614 2532 seu
1647 2451 1841 2534 cinericeo
1877 2450 1921 2532 δι
1947 2443 2082 2543 crasso,
2110 2473 2155 2529 ac
2186 2443 2322 2530 minius

659 2562 783 2664 duro,
809 2568 885 2677 qui
901 2565 1045 2676 saporis
1064 2565 1118 2645 est
1135 2565 1249 2674 aquei
1267 2566 1307 2644 dc
1326 2562 1535 2645 subamari.
1568 2611 1573 2620 ·
1837 2563 1843 2572 ’

725 2711 875 2795 Caudex
899 2703 1039 2790 crassus
1055 2733 1183 2790 unum
1202 2705 1355 2787 circiter
1373 2703 1549 2788 hominis
1571 2707 1816 2820 amplexum,
1845 2733 1890 2789 ac
1908 2701 2026 2788 crasso
2050 2701 2214 2788 indutus
2228 2731 2324 2786 cor-

668 2827 760 2920 tice,
790 2824 861 2934 qui
889 2821 1056 2902 exterius
1076 2819 1291 2914 cinericeus
1319 2845 1365 2898 ac
1394 2816 1832 2915 subcinerium-viridis,
1861 2819 1969 2900 intus
1998 2843 2049 2898 ex
2076 2815 2192 2896 viridi
2216 2816 2321 2898 albi-

668 2965 760 3020 cans
780 2961 824 3018 ac
848 2930 1053 3027 humidus,
1083 2931 1193 3040 ligno
1213 2929 1318 3026 albo,
1348 2927 1458 3040 quod
1484 2930 1732 3014 consradium
1758 2932 1802 3014 in
1819 2927 2020 3012 filamenta
2037 2923 2293 3040 protrahitur.

724 3077 845 3171 Fossis,
875 3101 962 3186 quae
980 3069 1188 3154 hincinde
1226 3065 1363 3152 'tiolis
1391 3069 1641 3154 mediocriter
1669 3071 1814 3182 longis,
1844 3069 2040 3166 rotundis,
2068 3068 2322 3156 viridi-claris
2455 3055 2463 3074 ⁸

669 3194 710 3274 dc
739 3187 787 3270 ad
815 3204 998 3268 exortum
1026 3204 1145 3294 atque
1249 3180 1394 3264 folium
1426 3182 1753 3264 extuberantibus
1772 3183 2024 3294 proveniunt,
2052 3180 2321 3289 oblongo-rou

667 3299 912 3392 tundalum,
941 3293 1189 3406 longitudine
1208 3321 1329 3376 unam
1348 3293 1373 3374 s
1394 3289 1584 3379 thamam
1608 3323 1704 3376 cum
1729 3295 1884 3376 duobus
1911 3292 2082 3375 tribusve
2107 3291 2325 3400 pollicibus

669 3431 861 3525 aequante,
891 3436 979 3519 quae
1009 3407 1057 3489 ad
1085 3391 1333 3487 latitudinem
1370 3433 1477 3487 erme
1503 3407 1559 3489 est
1587 3405 1718 3517 tripla,
1748 3404 1925 3487 rotundis
1944 3403 1993 3485 ad
2017 3402 2210 3515 petiolum
2242 3406 2327 3495 oris

669 3532 710 3609 be
736 3524 904 3605 tenuiter
928 3518 1149 3611 contractis,
1166 3544 1210 3597 ac
1235 3517 1404 3598 anterius
1423 3518 1465 3597 in
1491 3544 1723 3600 mucronem
1742 3537 1921 3629 parvum,
1950 3518 2021 3626 qui
2041 3514 2170 3597 versus
2200 3541 2323 3599 unam
2394 3561 2396 3568 ·

670 3655 821 3751 partem
858 3630 996 3743 pallum
1028 3628 1191 3709 reflexus
1225 3626 1293 3722 est,
1341 3627 1560 3724 constricta,
1603 3628 1765 3711 craffitic
1811 3628 2013 3725 mediocri,
2044 3626 2173 3739 plana,
2203 3627 2321 3725 lenia,

669 3747 849 3862 glabritie
880 3746 919 3823 in
950 3757 1057 3853 parte
1085 3740 1377 3833 taruannense,
1408 3738 1539 3820 colore
1557 3738 1861 3823 viridi-obscuro
1881 3740 1924 3818 in
1951 3758 2113 3852 utraque
2130 3758 2266 3852 parte„
2281 3759 2323 3827 at

577 3928 585 3943 .
616 3858 622 3871 '
668 3867 711 3945 in
731 3863 834 3943 tedia
851 3857 974 3937 virore
994 3850 1165 3945 fusciori,
1195 3851 1312 3931 odore
1331 3850 1479 3960 agresti.

727 4006 792 4085 Ex
811 3998 912 4081 costa
931 3992 1161 4091 intermedia
1181 3990 1331 4103 costula
1348 3988 1598 4074 viridi-clara
1616 3991 1658 4073 in
1684 3984 1837 4073 adversa
1854 4012 1962 4103 parte
1979 3994 2195 4077 eminentes
2214 3994 2322 4079 obli-

594 4140 598 4145 ·
669 4142 750 4225 quo
769 4114 890 4193 dusiu
915 4106 1103 4187 anteriora
1120 4102 1245 4183 versus
1265 4122 1410 4183 exeunt
1439 4130 1532 4184 cum
1553 4131 1596 4184 ea
1624 4104 1667 4183 in
1698 4104 1946 4185 resitetiam
1975 4106 2195 4215 conspicua
2223 4134 2267 4191 ac
2297 4107 2323 4192 d

670 4224 844 4334 margine
862 4222 904 4301 in
924 4216 1054 4329 plures
1073 4242 1183 4295 arcus
1207 4214 1376 4294 minores
1394 4214 1662 4308 incurvantur,
1678 4216 1749 4324 qui
1774 4216 1955 4296 nervulos
1981 4217 2206 4299 transversos
2224 4217 2322 4300 hinc

669 4338 760 4420 inde
779 4332 1037 4414 distribuunt:
1069 4327 1236 4435 fientque
1253 4323 1350 4405 solia
1377 4324 1479 4408 inter
1494 4324 1612 4407 hosce
1638 4353 1775 4407 nervos
1794 4326 1946 4430 subtilis
1979 4346 2155 4425 texturae,
2184 4350 2325 4442 utpote

668 4448 777 4529 venis
797 4442 1005 4527 subtilibus
1034 4439 1253 4521 intertexta.
1661 4480 1664 4484 f

727 4593 854 4675 Floret
881 4578 1093 4671 fasciculati
1112 4582 1347 4696 proveniunt
1372 4581 1413 4663 in
1440 4584 1594 4697 petiolis
1614 4584 1786 4678 ramosis,
1807 4584 1996 4665 viridibus
2015 4588 2056 4667 bs
2073 4586 2219 4697 pilosrs,
2249 4590 2322 4697 qui
2380 4582 2389 4613 i

671 4702 731 4783 vel
753 4702 924 4796 solitarii,
941 4699 1001 4781 vel
1021 4699 1139 4779 etiam
1156 4694 1242 4777 bini
1261 4696 1300 4777 bc
1320 4694 1405 4775 bini
1423 4722 1471 4775 ex
1486 4692 1671 4807 superiori
1689 4716 1796 4807 parte
1814 4696 2058 4777 surculorum
2076 4719 2320 4809 erumpunt:
2336 4724 2343 4735 ·

505 4832 507 4839 '
671 4815 839 4921 suntque
868 4813 991 4925 patri.
1029 4808 1245 4893 coutentes
1271 4808 1447 4917 quinque
1480 4806 1586 4891 soliis
1618 4808 1787 4919 angustis
1819 4808 2093 4920 &cuspidatis
2122 4836 2216 4889 cum
2244 4810 2323 4893 suis

671 4926 896 5037 cuspidibus
915 4923 1096 5007 interiora
1113 4918 1239 5000 versus
1259 4918 1426 5013 inflexis,
1457 4947 1502 4999 ac
1521 4939 1664 5001 mutuo
1696 4920 1744 5001 ad
1763 4945 1891 5012 unum
1923 4918 2118 5001 nodulum
2146 4923 2322 5004 unitis&
2466 4962 2473 4973 r

672 5036 807 5119 clausis
839 5064 920 5149 quo
951 5033 1074 5116 rosam
1104 5030 1348 5113 fenestratas
1378 5058 1418 5113 re
1447 5031 1647 5115 rascntant
1660 5069 1672 5126 ς
1704 5032 1793 5115 sunt
1826 5050 1957 5113 autem
1984 5028 2079 5113 folia
2106 5032 2182 5114 oris
2211 5055 2321 5115 exte-

671 5150 771 5231 riom
784 5146 910 5231 versus
930 5144 1086 5239 inflexa,
1115 5170 1159 5225 ac
1179 5142 1363 5251 utrinque
1376 5058 1527 5232 adoras
1543 5144 1634 5257 pilis
1663 5144 1878 5226 transversis
1910 5142 2165 5253 longiusculis
2183 5145 2322 5243 oblita,

673 5260 841 5343 exterius
871 5254 1115 5341 viridi-fusca
1142 5283 1187 5334 ac
1207 5252 1391 5349 subruffs,
1422 5248 1584 5339 interius
1617 5282 1669 5339 ert
1694 5254 2072 5337 viridinaveseentia
2103 5258 2179 5337 oris
2212 5259 2324 5339 valde

672 5372 828 5455 lenibus
848 5368 1122 5466 rubro-fuscis,
1152 5394 1239 5479 quae
1265 5366 1380 5447 instar
1400 5367 1508 5449 rubri
1528 5370 1653 5453 Velmi
1675 5367 1789 5463 sunt;
1817 5365 1839 5451 ὲ
1867 5367 2000 5451 medio
2029 5368 2324 5453 rumusculum

672 5484 793 5565 viride
823 5484 903 5565 exit
922 5510 1017 5564 cum
1042 5482 1151 5595 apice
1169 5480 1233 5560 seu
1253 5476 1402 5559 nodulo
1428 5480 1602 5564 craffiolo
1620 5482 1660 5563 u
1679 5480 1793 5563 flavo.

589 5708 595 5720 ,
730 5626 889 5707 Gema
905 5614 1057 5709 Florum
1074 5621 1254 5730 oblongas
1269 5621 1309 5701 dc
1330 5618 1514 5705 nonnihil
1535 5622 1683 5706 conicae
1697 5621 1801 5719 sunt,
1821 5620 1965 5731 pilosas,
1981 5620 2120 5703 virides
2140 5648 2185 5701 ac
2204 5620 2322 5703 rube-

577 5834 585 5849 ,
673 5734 845 5830 scentcs;
876 5736 946 5817 ubi
966 5735 1076 5819 flores
1105 5735 1147 5816 in
1174 5734 1342 5843 gemmis
1362 5753 1641 5848 prorumpunt,
1669 5732 1776 5818 foliis
1795 5732 1981 5817 omnibus
2001 5734 2171 5815 nudatur
2195 5734 2325 5831 arbor,

673 5874 760 5957 quc
780 5874 874 5931 cunr
892 5846 1085 5931 fructibus
1113 5844 1240 5953 rursus
1261 5844 1434 5929 resumit.

1428 6020 1473 6104 N
1504 6046 1528 6104 2
2145 6026 2328 6119 Frusino
