6092 6950
955 851 1911 960 nannannrcus
2199 883 2262 982 ῃ

745 1060 2197 1322 CHOVANNA-M-ANDARu
2309 1107 2310 1112 Ὗ

821 1349 1360 1462 sanarum
1438 1341 2071 1453 vunrsoArA.
2342 1393 2345 1398 ι

1295 1612 1464 1694 FIG.
1529 1611 1593 1718 3‘2.

787 1755 950 1839 Anda'ru
974 1774 1141 1864 quatuor
1171 1754 1260 1834 sunt
1284 1756 1440 1864 species,
1472 1745 1906 1842 Chovanna-Mandcr'ru,
1933 1751 2045 1856 cujus
2072 1752 2156 1830 duae
2178 1750 2267 1832 sunt

623 1768 790 2012 M
812 1869 951 1979 species
980 1866 1099 1974 ejusd.
1127 1867 1314 1958 nominis,
1346 1857 1726 1954 Velutta-Mandaru,
1757 1861 1796 1938 &
1823 1861 2155 1970 Cdrffchena-leu.

843 2041 1265 2124 Chovdnna-Mandaru
1293 2041 1432 2150 prima,
1463 2037 1599 2143 lingua
1624 2037 1753 2114 Bram.
1786 2029 2187 2131 Tamuda-Mandata,
2214 2040 2267 2118 est
2301 2040 2306 2049 “

619 2156 734 2236 arbor
747 2154 951 2233 altitudine
970 2170 1136 2261 quatuor
1162 2151 1388 2244 hominum,
1418 2145 1623 2229 frondibus
1649 2146 1771 2230 denfis
1800 2147 1839 2226 bs
1858 2149 1987 2256 opacis
2014 2148 2089 2228 late
2118 2148 2263 2258 sparso,

619 2266 850 2373 nascensque
868 2267 910 2343 in
938 2263 1160 2343 arenosis&
1188 2263 1360 2372 petrofis

675 2437 800 2520 Radix
823 2437 939 2518 crassa
963 2438 1029 2531 est,
1060 2438 1101 2517 in
1130 2438 1257 2516 latum
1284 2437 1351 2516 sua
1377 2433 1534 2516 brachia
1558 2434 1794 2531 diffundens,
1821 2425 1966 2516 cortice
1998 2431 2068 2512 sub
2086 2435 2266 2516 exteriori

619 2551 745 2630 crusta
768 2548 1136 2658 nigricante-rubro,
1484 2551 1488 2560 ’

677 2725 827 2807 Caudex
854 2753 979 2805 unum
1005 2723 1127 2805 ferme
1145 2726 1285 2834 pedem
1313 2727 1464 2806 crassus.

673 2902 796 2994 Folia,
827 2928 913 3007 quae
941 2865 1304 3008 petiolis'brevibus
1323 2897 1491 2980 exteribs
1511 2901 1703 2993 rotundis,
1734 2894 1893 2980 interibs
1927 2898 2052 3008 planis
2081 2925 2125 2977 ac
2157 2895 2263 2978 sulco

620 3012 757 3092 striatis
784 3013 1031 3118 proveniunt,
1062 3012 1103 3090 in
1130 3012 1313 3121 superiori
1331 3030 1439 3120 parte
1457 3011 1576 3092 bifida
1605 3030 1650 3090 ut
1662 3039 1864 3120 caprarum
1883 3011 2013 3118 pedes,
2044 3009 2096 3089 ob
2116 3009 2222 3118 quod
2243 3007 2266 3089 lt

621 3123 829 3214 Lusitanis,
860 3124 937 3202 Per
950 3122 992 3204 de
1014 3126 1154 3233 Capra,
1185 3125 1397 3216 nominata,
1428 3151 1471 3202 ac
1501 3124 1682 3202 interiora
1700 3124 1825 3202 versus
1853 3118 2035 3200 nonnihil
2054 3121 2179 3200 clausa
2206 3120 2264 3200 la·

618 3232 765 3313 teribus
789 3233 970 3341 oblongis
1010 3262 1053 3312 ac
1086 3235 1277 3327 rotundis,
1305 3235 1431 3328 versus
1468 3237 1658 3313 anteriora
1692 3234 1831 3312 leniter
1871 3233 2036 3310 rotunda
2072 3259 2138 3310 ora
2165 3259 2263 3310 con-

618 3346 764 3436 trastis,
792 3372 835 3422 ac
864 3341 886 3422 *a
911 3345 1055 3452 postica
1080 3363 1188 3454 parte
1212 3347 1387 3424 rotundae
1412 3349 1681 3437 incurvaturae,
1707 3344 1880 3422 interiori
1909 3341 2108 3448 superficie
2134 3339 2264 3447 plana,

620 3484 664 3535 ac
685 3456 813 3535 colore
837 3454 1077 3547 viridisurdo,
1108 3457 1150 3532 in
1188 3455 1338 3534 adversa
1374 3456 1503 3535 colore
1539 3451 1930 3545 viridi-subcoerule0,
1961 3480 2004 3530 ac
2027 3451 2067 3530 in
2091 3452 2266 3561 margine
2395 3517 2401 3543 ,

619 3566 781 3646 nervulo
809 3565 942 3644 subtili
966 3564 1231 3643 viridi-diluto
1258 3568 1508 3644 circumdata.

676 3744 741 3823 Ex
777 3740 923 3849 petiolo
967 3739 1116 3849 Costulae
1158 3740 1341 3819 undecim
1379 3740 1652 3821 uiridi-dilutas
1694 3768 1737 3819 ac
1777 3738 2018 3820 flavescentes
2052 3758 2264 3819 excurrunt

620 3880 714 3933 curn
740 3852 885 3931 costula
910 3850 1154 3942 intermedia,
1195 3880 1282 3959 quae
1307 3853 1348 3930 in
1389 3850 1525 3930 fiffurae
1550 3852 1763 3930 terminum
1792 3852 1910 3930 intrat
1932 3852 2115 3959 utrinque
2143 3851 2263 3958 quin-

620 3992 696 4071 que
737 3962 907 4069 ejusdem
934 3989 1027 4041 cum
1061 3962 1289 4041 intermedia
1319 3962 1507 4054 crassitiei,
1538 3992 1624 4073 quae
1664 3962 1686 4043 a
1719 3961 1820 4042 costa
1847 3964 1974 4082 media
2001 3958 2155 4068 longiiss
2186 3960 2263 4039 dis-

620 4094 718 4166 tant,
754 4075 872 4151 du&u
902 4074 1026 4180 magis
1063 4070 1217 4157 inflexo,
1243 4073 1458 4165 incedunt„
1479 4075 1689 4182 omnesque
1725 4074 1942 4181 marginem
1976 4070 2261 4179 ingrediuntur,

621 4185 959 4292 committuntque=
980 4181 1075 4261 hinc
1103 4182 1193 4261 inde
1221 4202 1362 4263 mutuo
1390 4184 1554 4263 costulas
1584 4183 1803 4265 transversas
1829 4178 1967 4292 parlim
1993 4184 2223 4261 eminentes.

677 4360 817 4449 Floras,
841 4360 909 4466 qui
935 4358 1088 4466 petiolis
1119 4358 1373 4466 longiusculis
1392 4361 1438 4437 ’δι
1463 4358 1735 4438 viridi-dilutis
1761 4357 1872 4467 supra
1899 4385 1947 4437 ex
1972 4358 2120 4465 origine
2144 4355 2264 4456 solio-

621 4496 711 4548 rum
748 4469 994 4576 proveniunt,
1022 4468 1111 4547 sunt
1145 4468 1261 4548 odore
1297 4468 1482 4577 fragranti
1519 4498 1563 4551 ac
1590 4470 1752 4564 rosaceo,
1783 4469 1959 4578 quinque
1984 4468 2170 4548 soliorum
2196 4498 2262 4549 ro·
2391 4484 2396 4499 ¹

619 4579 890 4659 tundiolorum
916 4606 959 4657 ac
984 4606 1123 4688 parurn
1143 4579 1420 4687 oblongorum,
1451 4609 1538 4688 quae
1553 4583 1600 4661 ad
1619 4608 1737 4661 unam
1764 4598 1914 4689 partem
1934 4581 2057 4687 magis
2072 4581 2139 4659 fita
2160 4580 2262 4673 sunt,

619 4719 789 4798 quorum
818 4718 943 4769 unum
984 4691 1091 4798 quod
1115 4693 1240 4797 majus
1279 4692 1332 4769 est
1357 4718 1401 4769 ac
1441 4691 1571 4785 latius,
1599 4694 1639 4771 bc
1678 4692 1912 4771 rotundioris
1938 4690 2074 4769 sormae
2107 4718 2149 4769 ac
2179 4690 2261 4770 sur-

618 4806 784 4903 restum,
814 4800 943 4880 colore
962 4801 1069 4880 intus
1096 4801 1449 4909 purpureo-rubro,
1479 4803 1600 4881 acad
1629 4802 1866 4881 umbilicum
1898 4800 2002 4880 sloris
2032 4800 2171 4881 eoloris
2192 4800 2262 4880 fla·-
2365 4894 2366 4900 η

619 4913 672 5005 vi,
703 4913 906 5019 purpureis
932 4912 1034 4993 notis
1063 4909 1267 4990 hincinde
1293 4914 1418 5005 tincti,
1448 4913 1674 5021 venulisque
1693 4911 2037 5022 purpureo-rubris
2066 4910 2261 5019 variegati‚

620 5024 668 5101 ad
687 5048 771 5100 oras
796 5039 927 5101 autem
955 5021 1084 5100 colore
1114 5024 1236 5129 magis
1267 5023 1626 5132 purpureo-dilut0,
1657 5025 1698 5102 in
1727 5022 1925 5131 superficie
1943 5022 2120 5101 exteriori
2138 5048 2203 5101 ma
2231 5024 2262 5103 is
2321 5088 2324 5101 .

621 5133 838 5224 albicante3
870 5149 1004 5210 caetera
1031 5148 1198 5239 quatuor
1229 5136 1352 5241 magis
1384 5135 1567 5243 oblonga,
1599 5134 1727 5214 colore
1753 5132 2065 5226 rosaceo-saturo,
2095 5135 2273 5214 exterius

620 5243 760 5337 diluto,
790 5240 935 5321 horum
967 5242 1047 5321 duo
1075 5270 1162 5350 quae
1194 5245 1330 5349 majori
1363 5244 1541 5354 proxime
1572 5244 1759 5353 adjacent,
1789 5239 1949 5323 interiiss
1980 5245 2022 5323 in
2049 5246 2130 5323 ima
2157 5264 2263 5354 parte

621 5354 709 5433 sunt
736 5353 866 5432 colore
886 5354 1089 5446 albicante,
1120 5353 1270 5462 reliqua
1287 5354 1366 5433 duo
1386 5353 1545 5435 interiiss
1571 5358 1613 5435 in
1639 5374 1768 5435 totum
1786 5356 1914 5434 colore
1932 5354 2053 5434 ferme
2082 5354 2259 5435 rosaceo:

511 5457 513 5464 ’
621 5465 787 5572 suntque
810 5463 906 5542 solia
933 5464 1074 5543 venula
1101 5464 1329 5543 intermedia
1355 5466 1496 5561 latiori,
1526 5494 1575 5549 ex
1606 5494 1684 5577 qua
1715 5464 1864 5547 venulae
1894 5465 2056 5575 oblique
2075 5468 2263 5545 anteriora

621 5573 747 5654 versus
774 5593 999 5668 excurrunt,
1028 5575 1167 5655 striata.

677 5749 844 5828 Stamina
875 5752 919 5846 in
952 5749 1083 5828 medio
1111 5750 1287 5858 quinque
1318 5750 1379 5830 vel
1412 5752 1489 5846 sex,
1520 5782 1607 5862 quae
1640 5752 1813 5862 apicibus
1848 5754 2020 5833 surrestis
2049 5780 2093 5831 ac
2126 5750 2261 5832 viridi·

619 5856 1057 6051 diliigssiaiesoemibus
1078 5859 1207 5943 dotata
1224 5860 1329 5959 sunt,
1357 5889 1401 5944 ac
1420 5864 1546 6059 verlsus
1565 5862 1709 5947 solium
1728 5865 1939 5989 surrectum
1958 5868 1998 5947 ἃ
2025 5867 2264 6055 νατίςὲἓῑυηι

793 6029 803 6048 .
848 6028 860 6052 .
1050 6010 1056 6021 ,
1343 6015 1347 6021 >
1930 6038 1932 6046 .
2109 6002 2150 6056 m
2180 6002 2265 6075 exa,
