6092 6950
923 771 1899 949 unrnunnrcus
2211 867 2274 971 ῃ

717 1185 1106 1310 CUD
1220 1173 2181 1309 U-PARJTJ.

859 1463 1400 1599 GOSSYPIUM
1481 1459 2035 1577 ARBOREUM.

1300 1831 1471 1912 FIG.
1532 1855 1599 1937 31.

751 2153 909 2234 buscula
927 2155 1132 2233 altitudine
1161 2154 1331 2234 duorum
1350 2151 1563 2232 hominum
1583 2151 1738 2230 nascens
1758 2151 1799 2229 in
1819 2152 1995 2233 arenos18.

630 2042 994 2295 CUdrl-Pariti,
1024 2070 1111 2149 quae
1141 2042 1283 2151 species
1304 2042 1437 2122 Pariti
1457 2040 1593 2147 lingua
1626 2041 1757 2118 Bram.
1791 2037 1937 2148 Capuffl
1962 2099 1971 2118 .
2007 2100 2016 2120 .
2051 2099 2060 2121 .
2093 2097 2105 2138 ,
2135 2045 2189 2126 est
2214 2073 2275 2127 ar.

684 2376 809 2459 Radix
827 2375 1078 2486 pinniformis
1098 2379 1243 2460 cortice
1262 2377 1453 2457 albicante
1472 2373 1587 2454 fibras
1602 2373 1807 2454 emittens..

686 2535 810 2643 Stirps
829 2533 926 2614 duos
955 2536 998 2614 in
1017 2534 1169 2613 ambitu
1195 2532 1346 2642 palmos
1373 2529 1511 2612 craffus
1538 2529 1679 2624 evadit,
1709 2529 1853 2609 cortice
1879 2527 1934 2607 est
1953 2533 2158 2612 communi
2183 2562 2277 2616 cum

628 2646 788 2725 corculo
807 2645 850 2724 in
870 2647 1002 2726 medio
1022 2645 1135 2754 ligni.

685 2795 792 2876 Folia
810 2793 899 2872 sunt
917 2792 1033 2871 instar
1050 2819 1189 2872 manus
1209 2791 1250 2870 in
1271 2791 1446 2899 quinque
1466 2789 1611 2898 digitos
1628 2788 1691 2866 seu
1711 2783 1847 2866 foliola
1865 2786 2219 2902 oblongo-angusta
2238 2799 2279 2877 ἔτ

629 2903 845 3015 cuspidata,
871 2903 1004 2998 incisa,
1035 2931 1206 3011 quorum
1224 2902 1403 2981 medium
1431 2904 1557 3009 magis
1575 2899 1813 3006 oblongum,
1839 2896 1928 2978 dein
1947 2901 2046 2982 illud
2067 2907 2173 3012 quod
2191 2935 2278 2988 me-

628 3017 697 3096 dio
735 3017 978 3125 proximum,
1022 3015 1189 3124 suntque
1226 3013 1389 3094 craffitie
1418 3011 1623 3106 mediocri,
1668 3013 1715 3088 ad
1755 3013 1901 3090 tasum
1940 3013 2121 3097 nonnihil
2160 3019 2277 3114 lenia,

629 3128 815 3235 utrinque
832 3129 968 3208 viroris
987 3124 1171 3207 nonnihil
1188 3125 1309 3205 fusci..

686 3292 722 3369 E
805 3291 901 3371 tiolo
921 3291 1097 3400 quinque
1118 3293 1231 3403 Costa
1248 3293 1595 3374 viridi-albicantes
1616 3311 1775 3388 exeunt,
1806 3321 1892 3401 quae
1912 3296 2068 3401 smgulae
2087 3299 2128 3380 in
2148 3300 2279 3411 cuspi-

632 3400 724 3482 dem
743 3319 931 3482 sdiiorum
952 3404 1157 3482 incurrunt
1184 3405 1225 3483 in
1245 3403 1396 3483 adversa
1414 3422 1522 3513 parte
1543 3404 1669 3483 solum
1689 3405 1917 3509 eminentes,
1949 3409 1988 3485 δι
2008 3407 2051 3485 in
2072 3413 2173 3489 resta
2191 3429 2278 3493 tan-

631 3510 719 3593 tiam
739 3511 921 3593 nonnihil
947 3511 1128 3621 proxime
1158 3515 1206 3592 ad
1225 3516 1419 3623 petiolum
1445 3542 1489 3591 ac
1525 3515 1681 3593 venulas
1711 3511 1864 3593 tantbm
1895 3516 2052 3598 subtiles
2084 3520 2186 3601 intra
2214 3524 2278 3605 fo-

629 3625 734 3703 lium
763 3623 1001 3704 transverfim
1033 3622 1248 3716 mittentes,
1279 3652 1325 3703 ac
1353 3624 1455 3703 inter
1486 3650 1548 3705 eas
1583 3623 1766 3733 utrinque
1792 3626 1949 3708 subtiles
1969 3656 2074 3712 venae
2093 3634 2281 3719 lacunosa

631 3736 750 3816 denso
768 3732 1053 3815 cancelliformi
1072 3754 1261 3815 contextu
1279 3734 1382 3815 sunt.

688 3894 816 3974 Flores
841 3891 911 3999 qui
943 3890 985 3969 in
1020 3888 1244 3970 summitate
1273 3889 1518 3981 surculorum
1537 3890 1719 3970 brevibus
1742 3893 1896 3999 petiolis
1916 3898 2163 4003 proveniunt,
2195 3901 2283 3981 sunt

634 4030 793 4111 quoque
812 4002 1052 4111 campanulae
1071 4002 1247 4110 quinque
1271 4001 1460 4081 foliorum
1480 4002 1936 4111 oblongo-rotundorum
1956 4007 2126 4111 ejusdem
2147 4010 2284 4092 formae

632 4142 729 4193 cum
760 4113 838 4193 illis
875 4115 1054 4221 priorum
1082 4112 1313 4221 specierum,
1343 4112 1510 4222 suntque
1544 4115 1662 4193 etiam
1696 4115 1825 4194 colore
1850 4143 1898 4193 ex
1928 4116 2017 4195 albo
2044 4118 2282 4223 flayescente,

635 4225 700 4305 sed
731 4225 800 4332 qui
834 4225 959 4332 magis
988 4225 1037 4303 ad
1064 4226 1231 4303 virorem
1266 4226 1405 4333 vergit,
1436 4224 1606 4303 minores
1627 4225 1786 4316 caeteris,
1818 4224 1859 4303 in
1879 4226 2031 4307 adversa
2049 4250 2157 4337 parte
2176 4236 2283 4313 venis

636 4332 767 4414 minias
788 4334 1051 4414 eminentibus
1081 4335 1214 4430 striati,
1246 4335 1412 4415 minime
1431 4335 1522 4416 verb
1542 4334 1676 4443 asperi,
1708 4332 1838 4415 minbs
1860 4365 2017 4445 quoque
2044 4341 2080 4418 se
2100 4344 2282 4452 crispant,

635 4446 678 4525 in
698 4445 872 4527 inferiori
892 4461 999 4553 parte
1013 4445 1106 4526 colli
1121 4448 1162 4525 in
1177 4447 1369 4527 umbilico
1383 4445 1464 4527 rosa
1481 4446 2004 4557 purpureo-rubro-obscura
2023 4455 2146 4532 notati
2161 4458 2263 4537 sunt.

693 4601 740 4680 In
760 4597 892 4679 medio
911 4598 1054 4678 emicat
1071 4602 1192 4709 Stylus
1210 4599 1379 4680 albicans
1395 4600 1581 4707 penicillo
1601 4600 1934 4683 stamunculorum
1955 4605 2133 4685 tenuium
2153 4610 2192 4687 &
2215 4635 2283 4689 ru-

636 4709 812 4804 brorum,
843 4738 930 4817 quae
959 4713 1128 4819 gemmis
1162 4710 1267 4792 flavis
1294 4714 1333 4790 &
1352 4709 1593 4791 lunularibus
1614 4712 1743 4791 dotata
1761 4714 1864 4807 sunt,
1894 4716 2156 4799 circumdatus
2191 4748 2285 4801 cum

612 4835 615 4839 ’
636 4820 822 4931 superiori
841 4840 948 4930 parte
967 4822 1158 4901 albicante
1177 4841 1285 4902 extra
1303 4821 1636 4903 stamunculorum
1655 4824 1887 4931 penicillum
1907 4816 2096 4908 eminens.

695 4975 823 5083 Calyx,
855 4976 923 5052 cui·
954 4975 1132 5069 insident,
1163 4978 1367 5074 rotundus,
1398 4981 1537 5073 ardtus,
1567 4977 1889 5075 viridi-albicans,
1920 4986 1960 5063 δι
1993 4989 2189 5093 punctulis
2222 4990 2284 5070 vi-

637 5084 854 5165 ridi-fuscis
877 5103 1046 5179 notatus,
1076 5087 1193 5164 acad
1224 5087 1450 5168 inferiorem
1479 5108 1630 5198 partem
1651 5091 1774 5171 tribus
1801 5091 1906 5174 foliis
1933 5097 2135 5194 viridibus,
2166 5129 2284 5209 gran·

638 5196 836 5292 diusculis‚
866 5196 1062 5307 oblongis,
1093 5196 1315 5307 cuspidatis,
1347 5228 1432 5308 quae
1453 5201 1600 5309 fingula
1614 5200 1794 5310 quatuor,
1826 5206 2046 5313 quinqueve
2062 5212 2286 5319 cuspidibus

637 5303 806 5387 anteribs
825 5309 1014 5402 eminent,
1043 5335 1088 5389 ac
1121 5311 1291 5415 nervulis
1324 5312 1367 5391 in
1399 5314 1583 5393 exteriori
1620 5333 1727 5423 parte
1757 5316 1798 5394 in
1824 5316 1991 5425 longum
2021 5320 2148 5401 striata
2181 5324 2283 5419 sunt,

638 5419 968 5500 circumamictus.
997 5496 1001 5504 ,

697 5585 854 5664 Gemmae
878 5586 1030 5666 Florum
1048 5584 1254 5694 cuspidatae
1273 5585 1312 5663 bc
1332 5586 1477 5667 conicae
1503 5588 1604 5683 sunt,
1636 5584 1802 5695 suntque
1821 5588 1938 5669 etiam
1959 5586 2070 5669 flores
2089 5588 2147 5685 hi,
2178 5596 2284 5703 post.

640 5720 760 5801 quam
779 5723 848 5802 per
866 5696 1025 5804 aliquod
1044 5714 1200 5808 tempus
1221 5696 1349 5807 aperti
1361 5695 1484 5797 fuste,
1506 5696 1748 5788 rubescentes
1768 5727 1812 5789 ac
1832 5700 1972 5787 coloris
1993 5702 2285 5812 rubro-perfici,

637 5803 826 5913 pellucidi
845 5835 888 5886 ac
912 5810 1087 5895 nitentis.

861 5955 892 6024 a
1193 6046 1199 6052 ᾗ
1422 5948 1426 5954 ’
1525 5890 1528 5901 ’
2126 5928 2291 6053 Caffialae
