6092 6950
1039 749 1990 924 narnuaurcus
2276 845 2342 952 η

779 1311 2275 1532 PAPAJAMARAM

895 1789 1430 1904 CARlCA
1581 1789 2161 1906 PAPAYA,

1379 2375 1550 2456 FIG.
1615 2400 1681 2486 15,

811 2629 1092 2742 majumam,
1119 2659 1210 2739 qua
1240 2630 1406 2712 secunda
1437 2634 1581 2742 speciae
1594 2665 1597 2670 ·
1612 2597 1688 2728 est,
1711 2601 1861 2742 Paprja
1889 2631 1989 2738 ung.
2022 2632 2153 2712 nram.
2187 2629 2350 2740 nipast,

826 2745 939 2824 arbor
969 2744 1099 2823 minus
1133 2743 1293 2838 excelsa,
1325 2743 1484 2824 caudice
1511 2747 1644 2826 miuus
1686 2743 1838 2838 crasso„
1859 2765 1953 2822 cum
1981 2743 2103 2853 priori
2125 2745 2168 2821 in
2190 2741 2351 2822 floribus

825 2850 1025 2947 differens,
1053 2872 1098 2934 ut
1116 2857 1156 2934 δι
1174 2854 1285 2963 quod
1302 2854 1451 2936 fructus
1475 2853 1609 2938 habet.

759 3091 887 3174 Floret
905 3117 958 3172 ex
973 3115 1145 3199 quorum
1164 3089 1297 3171 medio
1317 3089 1382 3171 seu
1409 3089 1561 3173 orificio
1580 3090 1728 3173 fruetus
1754 3107 1967 3202 erumpunt
1986 3117 2081 3170 cum
2110 3087 2185 3169 suis
2213 3085 2352 3170 smni-

704 3200 778 3283 bus
808 3203 934 3311 parvis
960 3202 1117 3314 petiolis
1146 3201 1190 3283 in
1225 3198 1341 3312 stirpe
1366 3199 1462 3283 hinc
1494 3204 1586 3284 inde
1618 3203 1868 3314 proveniunt,
1899 3201 1995 3284 alibi
2024 3201 2113 3282 sunt
2145 3201 2185 3281 br
2223 3201 2353 3280 odoris

698 3313 985 3420 jucundissimi,
1032 3315 1247 3394 constantes
1288 3315 1465 3422 quinque
1503 3311 1610 3396 foliis
1647 3316 1844 3424 oblongiS,
1875 3341 1962 3421 quae
2000 3312 2190 3392 anteriora
2225 3310 2353 3390 versus

705 3425 817 3505 rectis
837 3426 914 3505 oris
933 3426 976 3503 in
995 3424 1198 3532 cuspidem
1219 3418 1265 3505 ¹se
1283 3423 1539 3519 contrahunt,
1566 3455 1610 3506 ac
1637 3426 1775 3532 rigida,
1806 3425 1933 3516 crassa,
1964 3423 2003 3502 be
2023 3419 2138 3500 densa
2157 3417 2248 3503 sunt
2275 3421 2355 3505 fine

705 3535 814 3613 venis
839 3534 1077 3641 conspicuis,
1105 3535 1296 3612 exteriora
1316 3535 1446 3614 versus
1477 3562 1572 3613 curn
1590 3534 1748 3643 cuspide
1770 3532 1910 3613 reflexa
1934 3560 1978 3612 ac
2007 3534 2164 3613 intorta.

706 3808 713 3824 ·
763 3764 895 3959 Cape,
925 3794 1006 3874 quo
1025 3769 1294 3860 continentur,
1322 3767 1499 3875 quinque
1517 3758 1697 3847 brevium
1724 3767 1933 3878 euspidurn
1951 3768 2020 3863 est,
2050 3766 2120 3875 qui
2151 3764 2258 3849 soliis
2278 3767 2354 3849 flo-

629 3949 635 3957 .
707 3904 798 3961 rum
843 3877 950 3958 erilis
969 3877 1145 3959 fructum
1163 3875 1326 3958 inferiiss
1345 3878 1634 3987 complestitur.

715 4142 718 4145 ⁴
765 4104 930 4184 Fructus
958 4100 1030 4208 qui
1058 4100 1200 4209 singuli
1229 4126 1278 4179 ex
1301 4098 1434 4179 medio
1457 4090 1757 4208 uniuscujusque
1779 4102 1885 4180 sloris
1906 4116 2133 4207 erumpunt,
2164 4100 2275 4179 nullo
2293 4104 2355 4181 vel

710 4213 934 4292 tenuissimo
953 4212 1042 4291 sunt
1060 4214 1222 4305 cortice,
1240 4238 1353 4290 carne
1378 4210 1551 4292 densa&
1571 4212 1689 4291 solida
1707 4238 1750 4290 ac
1776 4208 2106 4319 pingui-humida
2116 4248 2130 4305 3
2162 4208 2255 4291 clim
2274 4216 2353 4292 im-

607 4415 611 4427 ·
710 4324 869 4417 maturi,
900 4350 1014 4402 carne
1033 4322 1122 4401 sunt
1140 4324 1332 4403 albicante
1352 4324 1391 4399 δι
1416 4321 1558 4430 saporis
1581 4323 1739 4432 pinguis
1764 4350 1808 4401 ac
1831 4322 2089 4431 astringentis,
2120 4322 2354 4405 exstillantes

710 4431 923 4512 humorem
940 4454 1110 4540 aqueum
1136 4433 1441 4512 subalbicantem
1466 4436 1506 4513 be
1529 4430 1831 4527 subcoeruleum,
1854 4434 1923 4541 qui
1944 4432 2173 4542 inspissatur,
2195 4460 2244 4513 ex
2267 4463 2353 4514 ma-

711 4544 869 4623 turitate
889 4550 1015 4623 carne
1035 4541 1197 4623 interius
1227 4542 1465 4635 flavescente,
1495 4572 1540 4623 ac
1573 4543 1714 4652 saporis
1737 4542 1842 4625 haud
1872 4538 2016 4653 ingrati
2046 4545 2356 4653 pingui-dulcis,

710 4654 816 4735 intus
836 4656 974 4765 grandi
993 4656 1158 4736 cavitate
1187 4682 1232 4733 ac
1265 4655 1307 4733 in
1338 4654 1515 4732 interiori
1544 4654 1758 4763 superficie,
1789 4684 1876 4763 quae
1909 4658 1951 4735 in
1981 4656 2148 4763 longum
2179 4657 2357 4766 quinque

711 4767 889 4846 rotundis
914 4766 1099 4847 lateribus
1118 4765 1304 4858 excurrit,
1335 4764 1499 4873 fungosa
1517 4793 1632 4845 carne
1661 4764 1835 4847 obducti.

770 5003 926 5082 Semina
943 5004 985 5082 in
1004 5004 1180 5085 interiori
1199 5001 1399 5113 superficie
1426 5002 1529 5081 inter
1547 5000 1755 5114 fungosam
1776 5030 1933 5084 carnem
1954 5002 2155 5084 numerosa
2174 5004 2215 5082 in
2236 5002 2356 5111 quin-

714 5138 793 5221 que
815 5112 981 5191 seriebus
1001 5116 1147 5193 conlita
1165 5114 1266 5207 sunt,
1298 5142 1384 5219 quae
1407 5116 1448 5191 in
1474 5116 1606 5193 medio
1633 5116 1902 5195 rotundorum·
1919 5116 2084 5195 laterum
2104 5111 2126 5193 ὲ
2156 5114 2193 5193 se
2217 5115 2359 5195 mutuo

712 5222 962 5303 interstincta
991 5222 1094 5318 sunt,
1125 5225 1290 5331 suntque
1315 5224 1486 5304 officula·
1501 5226 1682 5318 rotunda,
1713 5226 1893 5335 angulata
1912 5225 2099 5337 aspera&
2129 5227 2255 5336 nigra,
2277 5227 2355 5304 fin.-

714 5335 808 5443 gula
825 5334 1002 5414 involuta
1031 5335 1073 5413 in
1095 5337 1252 5444 propria
1274 5336 1500 5416 membrana
1519 5336 1726 5430 albicante,
1757 5365 1801 5416 ac
1822 5339 2097 5445 transparente,
2127 5339 2167 5417 bc
2193 5336 2363 5430 nitente,

714 5472 759 5526 ac
777 5447 904 5557 parvis
925 5449 968 5529 de
993 5444 1177 5527 tenuibus
1197 5446 1396 5527 umbilicis
1415 5446 1648 5527 adhaerentia
1667 5447 1807 5529 nucleo
1827 5449 1934 5529 intus
1955 5449 2064 5529 albo,

773 5688 951 5779 Fruitur,
980 5680 1075 5767 clun
1093 5683 1222 5767 teneri
1236 5686 1337 5780 sunt,
1367 5687 1408 5765 δε
1432 5688 1474 5766 in
1508 5687 1641 5769 medio
1664 5688 1807 5769 florum
1826 5672 1978 5781 consiti,
2010 5683 2204 5793 superiora
2230 5678 2357 5763 versus

716 5793 761 5878 in
780 5795 981 5909 cuspidem
1010 5798 1199 5882 contracti
1230 5798 1295 5883 seu
1322 5798 1452 5883 conici
1481 5798 1586 5897 sunt,
1614 5828 1660 5884 ac
1696 5802 1739 5885 in
1772 5798 1933 5911 cuspide
1963 5798 2141 5909 quinque
2171 5793 2357 5904 angustis,

2214 5904 2359 6003 crassis,
