6092 6950
589 763 817 958 *90
1273 813 1899 972 HORT3US

806 1041 986 1135 Fructus,
1020 1033 1093 1148 qui
1125 1035 1244 1120 crall'o
1280 1037 1489 1120 communi
1520 1036 1669 1149 petiolo
1704 1035 1937 1146 pedunculis
1969 1031 2113 1133 craffis,
2134 1031 2253 1131 bini,
2282 1039 2403 1138 terni,

750 1155 945 1266 quaterni,
980 1152 1095 1260 quini
1122 1151 1259 1262 paffirn
1288 1151 1556 1260 congregatim
1580 1149 1760 1244 insident,
1790 1151 1912 1228 tanus
1945 1148 2118 1244 solitarii,
2159 1149 2326 1260 suntque
2354 1151 2402 1232 hi

750 1295 847 1347 cum
875 1265 998 1345 teneri
1023 1263 1114 1343 sunt
1144 1263 1185 1342 tr
1213 1263 1483 1370 congregatim
1512 1259 1644 1370 plures
1669 1262 1785 1342 fimul
1811 1261 2061 1372 proveniunt,
2089 1262 2134 1342 in
2153 1289 2282 1342 unum
2299 1267 2404 1344 arete

744 1379 876 1487 junffl
893 1381 933 1458 bc
952 1371 1187 1485 capitulum,
1216 1373 1324 1482 quod
1342 1374 1508 1478 totidem
1527 1373 1708 1469 laterum,
1736 1393 1836 1483 quot
1854 1400 2020 1452 numero
2044 1372 2147 1468 sunt,
2177 1401 2223 1454 ac
2241 1377 2402 1455 musco-

750 1490 839 1570 sum
870 1488 934 1570 seu
958 1486 1180 1598 spadiccum
1209 1487 1249 1564 u
1279 1484 1463 1566 villosum
1491 1485 1561 1578 est,
1589 1513 1635 1568 ac
1662 1513 1713 1566 ex
1744 1485 1876 1596 calyce
1895 1485 2040 1565 florum
2063 1487 2209 1595 prodit,
2239 1514 2285 1566 ac
2310 1489 2403 1570 dein

750 1602 921 1682 relaxato
944 1597 1118 1711 capitulo
1146 1599 1189 1678 iu
1214 1596 1468 1677 transversum
1495 1623 1591 1680 curn
1609 1597 1714 1704 justa
1738 1597 2009 1706 magnitudine
2041 1595 2131 1678 sunt
2163 1599 2324 1678 rotundi
2353 1628 2401 1679 ac

751 1740 890 1824 pamm
917 1707 1096 1820 oblongi,
1125 1709 1269 1789 cortice
1296 1709 1415 1788 crasso
1444 1709 1621 1803 sedum,
1669 1711 1846 1788 aurantio
1864 1711 1936 1818 qui
1959 1735 2074 1786 carne
2102 1711 2278 1789 interiori
2294 1711 2401 1790 albi-

750 1844 863 1904 cante
892 1823 946 1902 est
972 1851 1019 1902 ac
1051 1824 1158 1902 intus
1188 1820 1415 1900 membrana
1439 1819 1633 1912 lacunosa,
1673 1819 1939 1930 cartilaginosa
1964 1818 2029 1899 seu
2058 1847 2199 1901 cornea
2218 1849 2264 1900 ac
2302 1823 2401 1902 sub-

750 1935 849 2016 flava
864 1936 1058 2014 obdudius
1077 1932 1309 2027 constantes,
1339 1931 1388 2011 ab
1403 1931 1481 2012 una
1505 1951 1613 2042 parte
1631 1930 1743 2011 dorso
1766 1933 1994 2024 emicantes,
2022 1931 2072 2010 ab
2090 1932 2210 2012 altera
2238 1935 2282 2012 in
2300 1963 2402 2014 ven·

749 2067 809 2126 tre
827 2047 958 2127 sutura
975 2073 1025 2124 ex
1042 2045 1226 2156 pediculo
1250 2071 1320 2154 per
1338 2045 1515 2146 medium
1534 2045 1577 2124 in
1608 2044 1855 2154 longitudine
1882 2042 2034 2137 sulcati,
2062 2045 2145 2152 qua
2159 2073 2239 2154 pm
2261 2067 2398 2127 matu·

751 2161 864 2238 ritate
894 2159 1021 2238 laxata
1049 2155 1185 2236 defluit
1221 2157 1381 2236 materia
1408 2155 1551 2237 viscosa
1582 2154 1648 2236 seu
1674 2154 1858 2266 gelatina,
1886 2183 1975 2264 quae
2006 2153 2124 2234 instar
2149 2157 2400 2267 mucilaginis

747 2272 980 2352 exteriorem
998 2267 1199 2348 sntdluurn
1221 2266 1463 2377 superficiem
1479 2267 1649 2348 lubricat
1674 2295 1839 2378 eamque
1855 2263 1953 2346 hinc
1970 2265 2062 2350 inde
2078 2265 2257 2349 obducit.

806 2409 854 2489 In
885 2402 989 2486 hisce
1018 2402 1226 2498 frusiibus,
1257 2403 1326 2514 qui
1357 2403 1433 2482 lata
1462 2405 1673 2513 capacitate
1708 2403 1812 2498 sunt,
1841 2403 1960 2498 Fabae
1986 2431 2145 2498 novem,
2173 2405 2311 2486 decem
2335 2405 2401 2487 vel

748 2519 882 2600 minus
901 2519 979 2599 oris
1005 2517 1144 2595 suturae
1162 2513 1362 2594 umbilicis
1390 2515 1624 2616 affixaesunt
1648 2517 1834 2624 utrinque
1852 2535 2034 2624 quatuor,
2063 2519 2285 2625 quinqueve
2308 2531 2402 2598 vet}

748 2631 812 2712 sus
841 2631 1000 2711 dorsum
1029 2629 1257 2740 pendentes,
1288 2627 1455 2736 suntque
1482 2628 1623 2720 crassa,
1651 2629 1829 2708 rotunda
1855 2631 1896 2708 dt
1924 2627 2121 2736 oblongae,
2151 2628 2400 2738 longitudine

736 2745 865 2824 'unius
885 2741 1009 2822 ferme
1027 2739 1184 2852 pollicis
1203 2765 1249 2818 ac
1275 2739 1433 2847 glabre,
1454 2740 1668 2820 corticibus
1696 2738 1935 2850 duplicatis3
1965 2739 2064 2818 dum
2083 2739 2238 2834 tenella,
2257 2743 2396 2822 molli-

750 2855 824 2934 bus
844 2857 885 2934 ὅῑ
914 2855 1012 2933 albis
1024 2890 1039 2947 t
1069 2852 1140 2960 qui
1168 2853 1335 2930 exterior
1362 2871 1495 2930 cortex
1514 2850 1633 2931 instar
1659 2849 1842 2932 cuticulae
1870 2851 1925 2931 est
1950 2851 2093 2944 tenuis,
2121 2880 2166 2931 ac
2190 2851 2281 2930 saba
2308 2883 2397 2932 ma-

745 2985 834 3045 tura
860 2966 1001 3045 coloris
1030 2962 1245 3070 nigerrimi,
1282 2963 1331 3070 'in
1361 2961 1559 3072 superficie
1598 2961 1779 3042 exteriori
1824 2963 1999 3055 nitentis,
2028 2961 2271 3042 consistentia
2300 2965 2398 3045 adeo

738 3075 892 3186 -sragili,
922 3095 968 3154 ut
995 3078 1037 3154 in
1057 3075 1212 3152 minuta
1232 3071 1395 3152 frustula
1413 3074 1521 3151 velut
1534 3075 1701 3153 cortices
1717 3075 1810 3182 igne
1827 3073 1999 3152 affati’ex
2025 3075 2222 3153 attritione
2242 3069 2395 3171 hiscat,

739 3189 818 3298 qui
844 3189 1005 3268 interior
1028 3184 1195 3278 craffior,
1224 3185 1400 3264 duriolus
1419 3210 1464 3263 ac
1491 3186 1698 3293 puniceus,
1726 3183 1896 3263 exterius
1908 3183 2102 3264 obdustus
2121 3185 2244 3294 pulpa
2261 3191 2394 3266 muci-

745 3301 917 3410 laginosa
941 3301 982 3378 dc
1007 3297 1215 3388 albicante,
1245 3294 1352 3375 intus
1380 3294 1537 3374 vestitus
1565 3295 1676 3374 tenui
1706 3297 1748 3375 bt
1780 3292 1951 3374 subruffa
1975 3293 2172 3403 pellicula,
2202 3323 2289 3405 quae
2317 3325 2399 3379 nu·

740 3413 878 3495 eleum
896 3413 961 3491 seu
979 3409 1144 3521 pulpam
1165 3406 1265 3487 fabae
1289 3405 1421 3487 albam
1435 3405 1591 3501 ambit,
1617 3406 1785 3515 suntque
1802 3403 1903 3489 faba
1929 3412 2037 3488 totta
2050 3408 2096 3488 in
2109 3405 2267 3491 eduliis.

798 3550 929 3631 Fures
945 3544 1030 3627 haec
1043 3542 1158 3625 arbm
1183 3544 1225 3623 in
1255 3570 1359 3623 anno
1380 3540 1499 3623 semel
1514 3540 1592 3623 sert
1609 3542 1652 3622 in
1671 3540 1893 3627 Fumant.

800 3677 924 3787 Apud
951 3670 1068 3755 hosce
1085 3678 1260 3759 medicos
1280 3706 1362 3761 uon
1389 3678 1443 3761 est
1461 3680 1504 3761 in
1533 3678 1621 3760 usu.

1414 3892 1712 4017 Fro'p.

782 4040 889 4133 Hujus
902 4041 1019 4107 arboris
1033 4060 1144 4107 nucem
1164 4041 1329 4130 integram,
1351 4042 1557 4127 copioliffimis
1589 4043 1707 4109 nullam
1741 4042 1862 4107 faciunt
1888 4042 2080 4107 mentionem
2111 4042 2250 4109 autore
2289 4047 2398 4126 noſtri,

743 4129 908 4196 seminibus
931 4129 1086 4207 reserum,
1107 4125 1210 4194 Teu·
1233 4132 1378 4209 nomine,
1397 4150 1438 4193 ex
1453 4130 1557 4195 Zeila
1585 4130 1661 4194 binc
1674 4130 1848 4193 etiamnum
1868 4130 1981 4192 dubius
2008 4132 2122 4205 baereo,
2145 4152 2186 4193 an
2207 4127 2309 4196 silebo
2322 4138 2397 4201 cin.

743 4216 986 4300 plaudentibus
1010 4216 1100 4279 annu
1120 4216 1239 4297 accepi,
1259 4236 1332 4301 quae
1350 4230 1455 4279 nmen
1480 4214 1556 4279 licet
1583 4214 1747 4299 galtelin,
1768 4235 1832 4277 uon
1848 4215 1951 4297 potius
1974 4211 2011 4277 sit
2028 4215 2104 4277 buic
2115 4215 2217 4280 affinis
2232 4220 2396 4299 censenda,

742 4300 839 4382 probe
866 4316 998 4373 matura,
1033 4319 1160 4385 germen
1182 4322 1344 4387 nunquam
1372 4300 1553 4384 prodidere:
1586 4322 1681 4385 quam
1700 4300 1809 4363 adem
1822 4300 1885 4380 ipsa
1897 4300 1997 4363 arbor.
2040 4298 2398 4368 InterimcumadNu·

743 4384 832 4450 tores
846 4384 959 4448 uncus
974 4386 1145 4446 humanum
1156 4384 1385 4466 quodammodo
1405 4386 1555 4462 redolere,
1587 4388 1633 4448 cis
1661 4386 1773 4469 species
1794 4385 1956 4467 pertinet,
1978 4385 2054 4449 ltine
2076 4406 2194 4449 nomen
2215 4386 2399 4459 dedissetis

741 4471 889 4539 scribebat
902 4468 970 4534 D⁹.
984 4467 1149 4533 Ham.-
1170 4468 1291 4555 &quia
1303 4470 1395 4555 hujus
1405 4472 1557 4556 'attributi
1586 4468 1918 4557 bsalabaritaesusuta,
1937 4470 2163 4556 mlegiusae3
2173 4474 2320 4559 saleru.

742 4784 1117 4865 srsncumn
1159 4785 1549 4859 suessones.
1847 4785 2177 4875 emam

1019 4895 1283 4943 cenasse
1631 4886 2399 4975 Sterculiasoliisovatisintegerrimisaltemis

828 4978 1117 5027 uouoscrn
1161 4978 1464 5027 surtinus.
1587 4974 2104 5063 petiohtiefloribuspanimlatis.
2145 4972 2391 5078 H.zeyl.350.

977 5062 1137 5126 maen
1149 5062 1304 5149 gamma
1630 5062 1712 5128 Nux
1737 5064 1921 5127 malabarioe
1952 5062 2068 5127 sulca‘a
2105 5062 2326 5147 mucilaginosa
2349 5067 2398 5129 la·
2536 5108 2553 5125 ,

783 5142 897 5211 Mose.
906 5144 977 5215 Cal.
987 5150 1165 5233 ς-ριηὶωε.
1177 5148 1300 5213 Cono.
1310 5144 1483 5212 Filameuta
1498 5166 1548 5231 ις.
1588 5149 1692 5214 beon.
1735 5144 1828 5212 nuk.
1841 5150 1914 5212 alm.
1931 5148 2011 5215 2⁶⁶.

784 5229 961 5295 Femcal.
984 5238 1162 5317 5-partitus.
1185 5232 1261 5299 Cor.
1280 5230 1469 5298 o.Germen
1491 5255 1549 5297 co-
1628 5232 1946 5319 Clompanusmiuor.
1988 5230 2396 5320 Rumpb.amb.3.p.169.

738 5314 1009 5384 lumnaeinlideur.
1030 5320 1123 5401 eapt
1138 5319 1334 5403 5-lueularis,
1348 5318 1548 5405 polysperma.
1586 5336 1612 5387 t.
1630 5340 1706 5407 ιο).

999 5418 1283 5506 semustum
1907 5400 2086 5487 oum..

785 5498 934 5567 Sterculia
948 5504 1004 5568 sol.
1030 5508 1130 5572 oratis
1157 5506 1375 5591 integmnis,
1396 5504 1550 5592 peciolam
1628 5504 1761 5573 Frudus
1772 5501 2398 5590 auumqutnqudobusztobisntexis,

739 5582 809 5654 ssot.
831 5590 1025 5691 paniculqtis.
1585 5590 2065 5663 morel'nniaedebiscentibut.
2242 5587 2353 5655 Lm.

1921 5936 2395 6023 AMBALAM.
