6092 6950
977 869 1928 987 uannnanrcus
2099 913 2292 1016 ,ιη

761 1330 819 1456 C
920 1307 1034 1454 '0
1204 1327 1267 1474 L
1433 1325 1485 1452 I
1640 1325 1735 1456 N
1887 1328 2179 1501 I-L.

1315 1595 1612 1736 incomperta.
1896 1581 1960 1611 ⁰
2073 1566 2077 1570 ¹

982 2061 986 2068 Δ
1287 1957 1322 2039 F
1373 1958 1393 2039 1
1444 1957 1503 2038 G.
1578 1982 1603 2068 5
1607 1981 1646 2068 ς.

647 2146 885 2406 Cornu
901 2149 1000 2258 ung.
1034 2149 1166 2231 nram.
1208 2139 1503 2232 scara-‘Pana
1529 2147 1585 2230 est
1616 2141 1820 2232 arbuscura
1858 2142 2040 2244 humilis,
2082 2127 2311 2234 aunum

787 2266 913 2346 duum
941 2261 1110 2354 triumve
1126 2259 1290 2373 pedum.

701 2485 827 2570 Radix
859 2480 998 2565 fibrosa
1029 2419 1173 2596 cortice
1195 2483 1387 2564 albicante
1414 2483 1479 2566 seu
1504 2481 1624 2580 ruffo,
1654 2483 1726 2595 qui
1754 2481 1896 2596 saporis
1922 2479 1979 2568 est
1995 2482 2116 2568 amari
2133 2486 2175 2567 bt
2193 2472 2296 2566 sub}

646 2600 759 2694 acris,
789 2599 896 2698 intus
914 2593 1065 2707 lignosa
1083 2597 1123 2678 δι
1141 2593 1327 2692 albicans,
1356 2596 1487 2678 odoris
1513 2597 1679 2678 nullius.

704 2823 823 2933 Stipes
858 2835 1026 2930 quatuor
1059 2817 1200 2928 digitos
1239 2818 1379 2909 crassus
1415 2819 1556 2913 evadit,
1585 2816 1789 2930 ramosque
1827 2816 2002 2902 maxime
2038 2817 2295 2904 transversum

646 2933 849 3128 gisffffigi
865 2929 1137 3124 pstgppdlpglrpo
1156 2929 1269 3026 duro,
1299 2931 1444 3014 cortice
1461 2931 1532 3013 sub
1556 2932 1709 3014 cinerea
1735 2931 1861 3013 crusta
1887 2931 2017 3028 viridi,
2046 2934 2118 3044 qui
2146 2917 2294 3044 saporis

704 3268 825 3362 Foliis,
854 3293 941 3376 quae
959 3265 1001 3346 in
1028 3263 1189 3347 surculis
1222 3293 1271 3346 an
1300 3265 1430 3361 ulatis,
1460 3266 1658 3361 tenuibus,
1686 3265 1892 3363 viridibus,
1920 3265 2018 3349 hinc
2048 3265 2141 3346 inde
2168 3266 2298 3376 parvis

647 3379 801 3511 petiolis
819 3377 1067 3489 proveniunt,
1098 3404 1226 3486 parva,
1252 3295 1630 3487 oblongo-rotunda,
1660 3374 1828 3458 anterius
1847 3378 2015 3458 rotunda
2031 3404 2102 3457 ora
2116 3402 2160 3456 ac
2180 3402 2296 3456 maxa

648 3521 729 3574 rma
753 3489 959 3588 latitudine
985 3486 1111 3568 versus
1131 3487 1323 3597 superiora
1340 3488 1388 3569 ad
1421 3488 1616 3599 petiolum
1634 3488 1677 3569 in
1711 3488 1918 3597 angustum
1943 3490 2055 3569 rectis
2086 3488 2164 3568 oris
2198 3515 2302 3568 con«

648 3606 781 3698 tracta,
810 3602 975 3681 inrecta
1000 3614 1107 3707 parte
1139 3598 1273 3680 viroris
1308 3598 1549 3693 communis,
1574 3600 1620 3678 ¹in
1649 3599 1800 3679 adversa
1826 3597 1934 3711 hyali
1968 3598 2034 3680 scu
2062 3598 2294 3679 viridi-sub-

643 3711 824 3806 aoerulei,
853 3712 894 3792 in
917 3727 1079 3819 utraque
1097 3708 1216 3805 surdi,
1245 3710 1386 3823 saporis
1406 3708 1575 3792 subactis
1594 3712 1635 3795 δι
1653 3710 1860 3808 subamarr,
1889 3739 1934 3793 ac
1953 3710 2129 3823 languidi
2148 3709 2293 3793 ardoris
2438 3758 2443 3767 ·

646 3820 798 3908 diutius
823 3820 1033 3905 masticata.

706 4048 772 4129 Ex
790 4043 950 4137 costula,
980 4070 1067 4153 quae
1092 4042 1134 4125 in
1160 4043 1310 4125 adversa
1337 4062 1492 4129 tantum
1513 4065 1621 4176 parte
1639 4048 1800 4145 eminet,
1820 4052 1929 4131 Venae
1946 4044 2109 4159 oblique
2129 4047 2169 4129 δι
2193 4042 2297 4128 resti

650 4157 890 4243 transverfim
915 4175 1128 4237 excurrunt
1147 4155 1268 4237 dustu
1297 4156 1481 4265 parallelo
1511 4186 1554 4239 rn
1587 4162 1806 4269 marginem
1823 4162 2078 4255 incurrentes,
2108 4160 2233 4239 trastu
2253 4158 2298 4237 in

651 4274 753 4353 recta
788 4270 828 4349 bc
865 4266 1017 4347 adversa
1052 4284 1159 4375 parte
1196 4267 1421 4376 conspicu0,
1451 4266 1545 4353 cirin
1574 4268 1822 4378 franguntur,
1851 4270 2092 4352 adtractum
2109 4294 2298 4351 venarum

648 4380 797 4493 angulo
819 4378 866 4461 ad
885 4378 1029 4461 costam
1051 4396 1306 4463 concurrente
1324 4378 1360 4461 se
1378 4371 1572 4463 dividunt.
1624 4380 1748 4465 Foliis
1763 4382 1871 4495 sapor
1889 4408 2042 4465 auarus
2060 4383 2101 4463 δι
2119 4378 2297 4464 mordax.
2442 4496 2447 4502 .

708 4604 835 4689 Florer
856 4596 961 4712 parvi
995 4595 1083 4680 sunt
1112 4602 1152 4681 δε
1185 4597 1347 4693 sabacei,
1377 4602 1593 4683 constantes
1627 4588 1795 4714 quatuor
1827 4603 1947 4699 foliis,
1977 4633 2104 4686 unum
2132 4602 2297 4714 unguli-

647 4714 793 4805 sorme,
824 4710 998 4791 clausum
1024 4738 1066 4791 ac
1088 4710 1261 4793 multum
1281 4710 1472 4794 inflexum
1491 4742 1586 4795 cum
1604 4714 1717 4825 stylo,
1747 4743 1868 4828 quem
1886 4718 2077 4810 continet,
2108 4714 2299 4824 ungulam

650 4825 905 4915 constituens,
932 4819 1065 4928 estque
1079 4819 1411 4917 viridi-albicaus3
1443 4824 1523 4906 duo
1552 4826 1769 4935 angustiora
1796 4855 1875 4909 una
1903 4828 2078 4909 interiori
2108 4855 2174 4906 ora
2198 4828 2299 4905 resta

542 4964 548 4969 ·
653 4936 764 5017 valde
783 4935 908 5016 saturo
927 4959 970 5013 ac
1002 4930 1154 5045 rosaceo
1173 4932 1313 5013 rubore
1333 4933 1522 5045 ungulam
1555 4936 1603 5017 ad
1621 4935 1722 5017 latus
1742 4937 2042 5049 complodentia
2052 4976 2065 5032 ς
2097 4954 2297 5049 quartum,

654 5047 781 5130 versus
802 5041 910 5155 quod
940 5042 1088 5151 ungula
1120 5042 1330 5127 inflexa&
1360 5064 1490 5155 aperta
1521 5047 1590 5142 est,
1619 5047 1759 5143 latum,
1789 5045 1964 5161 primum
1983 5049 2078 5130 folia
2106 5051 2185 5131 duo
2204 5074 2299 5145 curn

654 5156 803 5271 ungula
831 5152 1168 5266 circumpledbenn
1198 5156 1288 5237 dein
1317 5154 1411 5239 flore
1444 5177 1577 5271 aperto
1594 5160 1722 5242 versus
1741 5162 1930 5244 exteriora
1947 5160 2151 5256 reflexum,
2181 5161 2300 5241 situm

656 5269 782 5352 versus
804 5264 1071 5349 summitatem
1096 5264 1233 5377 petioli
1261 5264 1436 5349 floriferi.

714 5489 835 5603 Stylus
854 5484 1001 5581 viridis,
1031 5513 1144 5569 cavus
1178 5487 1294 5583 instar
1330 5485 1467 5596 theca,
1497 5490 1746 5576 filamentum
1774 5495 1909 5589 viride,
1938 5494 2046 5607 quod
2076 5492 2098 5577 ὲ
2126 5496 2303 5605 germine

657 5598 839 5713 siliquoso
863 5596 1010 5709 prodit,
1030 5598 1309 5707 complodens,
1326 5626 1369 5683 ac
1388 5600 1573 5717 superiori
1592 5606 1761 5715 partein
1808 5634 1894 5688 arva
1917 5634 1961 5688 ac
1981 5608 2112 5689 tenuia
2126 5608 2302 5689 stamun·

656 5712 761 5807 cula,
792 5736 878 5821 qua
898 5708 1074 5815 apicibus
1094 5706 1199 5795 flavis
1220 5709 1404 5796 nodulata
1431 5713 1533 5809 sunt,
1563 5714 1667 5799 fiffus
1687 5720 1727 5801 be
1746 5636 1807 5799 ad
1812 5745 2023 5800 concavam
2041 5738 2192 5829 partem
2221 5746 2304 5801 uno

659 5822 860 5906 filamento
879 5818 1017 5919 bbere,
1047 5818 1117 5933 qui
1135 5820 1233 5907 slavo
1253 5849 1410 5937 quoque
1429 5828 1538 5941 apice
1557 5826 1765 5911 nodulatus
1784 5828 1851 5926 est,
1881 5827 2088 5914 obductus.

714 6009 841 6095 TOM·
867 6010 901 6093 1·
1043 6090 1048 6099 .
1522 6018 1556 6101 1³
2120 6019 2306 6107 Floribus
2403 6066 2408 6077 ·
