6092 6950
956 851 1929 982 Mnuauantcuu
2112 804 2115 807 ⁸
2236 877 2411 1019 m·

568 1229 2237 1448 'rinnannnun

859 1761 863 1770 .
970 1567 1974 1698 Monus1uolcn
2340 1538 2344 1546 ’

555 2023 559 2026 ,
1322 1953 1358 2038 F
1387 1956 1407 2038 I
1437 1954 1495 2038 G.
1552 1975 1626 2067 49.

645 2127 891 2370 PArua
909 2125 995 2212 dua
1016 2126 1160 2248 species
1187 2128 1291 2230 sunt,
1322 2127 1615 2232 Tinde-Perua,
1644 2134 1686 2218 be
1703 2130 1971 2222 Ana-Parnes

797 2347 1084 2437 ,Tinea-Perua
1095 2294 1199 2469 ling.
1233 2357 1351 2454 Brun
1355 2416 1679 2443 ........
1708 2357 1764 2442 est
1791 2357 1906 2442 arbor
1933 2383 2108 2472 procera,
2137 2361 2294 2454 nascent
2352 2373 2355 2379 ’
2474 2459 2480 2468 ,

639 2464 684 2545 in
709 2464 887 2546 arenous.
977 2525 981 2533 -

696 2675 835 2770 Radix,
865 2703 953 2787 quae
989 2675 1098 2760 fibris
1136 2696 1245 2762 terrae
1277 2679 1316 2760 se
1343 2680 1483 2791 affigit,
1512 2680 1659 2764 cortice
1692 2675 1831 2777 craffo,'
1853 2679 2047 2762 albicante
2076 2707 2121 2764 ac
2145 2679 2293 2766 subfla-

638 2783 828 2885 vescente‚
842 2787 986 2884 molli,
1015 2791 1151 2887 lacteo,
1181 2793 1322 2904 saporis
1348 2793 1645 2905 astringentis&
1663 2788 1774 2905 ligno
1792 2791 1999 2878 albicante.

630 3009 637 3016 ’
696 3007 815 3118 Stipes
832 3007 985 3088 ambitu
1013 3005 1129 3088 unius
1162 3003 1337 3089 hominis
1370 3007 1599 3118 amplexum
1632 3007 1816 3122 implens,
1845 3006 1992 3092 cortice
2015 2985 2169 3091 cinereo
2194 3006 2291 3089 suba
2382 3108 2390 3116 Ν

504 3231 505 3238 Ν
636 3118 774 3214 lacteo,
802 3137 846 3200 ut
864 3122 904 3201 bc
924 3119 1023 3201 rami
1050 3121 1090 3201 be
1119 3117 1277 3217 surculi,
1299 3121 1370 3230 qui
1394 3119 1465 3202 sub
1490 3120 1683 3202 corticula
1697 3121 1878 3206 exteriori
1896 3120 2136 3204 viridi-fusci
2154 3120 2257 3204 sunt.

692 3342 820 3438 Folia,
848 3372 935 3452 quae
954 3342 1135 3424 brevibus
1164 3342 1320 3453 petiolis
1348 3339 1444 3426 hinc
1476 3343 1568 3425 inde
1594 3344 1773 3438 insident,
1804 3343 2182 3452 oblongo-rotunda,
2212 3369 2285 3422 an-

633 3455 754 3534 terius
780 3451 964 3535 nonnihil
998 3453 1204 3563 cuspicata,
1236 3454 1284 3534 ad
1316 3455 1511 3565 petiolum
1549 3451 1758 3549 contracta,
1789 3456 1831 3535 in
1868 3455 2045 3566 margine
2073 3452 2316 3539 denticulis.

632 3568 802 3649 tenuiter
820 3566 951 3659 ineisa,
969 3565 1076 3645 intus
1096 3562 1288 3647 sublactea
1305 3584 1536 3649 contextura
1554 3567 1679 3677 rigida
1696 3567 1760 3648 seu
1783 3566 1894 3650 dura.
1948 3600 1954 3609 ·

688 3790 754 3871 Ex
773 3791 876 3873 costa
906 3789 1165 3901 media,'quae
1195 3788 1314 3870 etiam
1340 3790 1381 3871 in
1412 3793 1513 3871 recta
1543 3789 1725 3873 nonnihil
1745 3793 1906 3886 eminet,
1937 3805 1976 3871 at
1998 3792 2122 3901 magis
2147 3790 2189 3869 in
2210 3789 2280 3870 ad·

631 3901 738 3982 versa
768 3903 880 4017 Costae
905 3900 1077 3983 laterales
1109 3900 1375 4011 egrediuntur,
1406 3931 1492 4013 quae
1522 3899 1546 3983 a
1577 3904 1754 4013 margine
1777 3902 1965 3986 arcuatim
1998 3902 2146 4005 reflexa
2170 3902 2213 3982 in
2243 3902 2282 3983 fe

632 4012 803 4095 invicem
828 4012 1071 4107 deseruntur,
1101 4011 1267 4122 suntque
1288 4014 1412 4097 nervis
1442 4014 1791 4097 intercurrentibus
1810 4017 2042 4107 intertexta,
2072 4015 2181 4094 acin
2207 4013 2277 4093 ad·

631 4122 736 4207 versa
765 4124 891 4209 solum
921 4142 1043 4234 parte,
1075 4150 1194 4232 quam
1223 4124 1395 4208 scabram
1420 4126 1602 4221 reddunt,
1634 4125 1760 4232 solum
1793 4126 2034 4219 eminentem
2064 4123 2161 4206 solia
2196 4123 2275 4209 col.

629 4236 672 4316 in
692 4238 793 4315 reela
817 4234 1068 4332 viridi-fusci,
1098 4236 1140 4317 in
1160 4235 1310 4321 adversa
1329 4237 1463 4319 viroris
1483 4239 1722 4321 communis.

579 4454 587 4466 ’
686 4458 813 4543 Floras
831 4459 873 4539 in
893 4457 1073 4570 capitulis
1094 4442 1427 4571 plano-rotundis,
1458 4489 1546 4572 quae
1564 4460 1720 4573 petiolis
1746 4457 1987 4571 simplicibus
2003 4458 2123 4539 curtis
2138 4458 2274 4541 surcu-

627 4570 676 4652 lis
696 4566 792 4651 hinc
812 4571 902 4652 inde
921 4570 1099 4665 infident‚
1130 4589 1175 4653 ut
1203 4599 1369 4683 gemme
1402 4572 1532 4684 plures
1552 4573 1671 4655 unitae
1689 4572 1897 4685 prodeunt,
1922 4571 2089 4681 suntque
2106 4590 2275 4682 quatuor

623 4682 814 4765 soliorum
840 4681 1142 4795 cuspidatorum,
1173 4682 1543 4767 viridi-dilutorum.

684 4905 852 4988 Stamina
867 4907 908 4987 in
927 4904 973 4985 iis
994 4922 1163 5015 quatuor
1180 4934 1229 4989 ex
1247 4905 1354 4989 soliis
1383 4904 1501 5018 longe
1530 4906 1752 5003 emicantia,
1782 4934 1870 5017 quae
1888 4906 2037 5019 fingula
2055 4907 2098 4985 in
2116 4905 2273 5016 cuspide

625 5043 706 5099 uno
726 5016 873 5099 nodulo
891 5016 1084 5098 albicante
1109 5017 1381 5128 grandiusculo
1401 5016 1490 5102 sunt
1509 5019 1652 5102 dotata.
1711 5018 1840 5133 Stylus
1860 5022 1903 5106 in
1931 5020 2063 5101 medio
2094 5016 2270 5099 breviffr·

623 5156 714 5210 mus
734 5154 827 5210 cum
848 5127 1020 5241 capitulo
1040 5126 1244 5213 albicante.

679 5352 844 5433 Fruelus
862 5350 951 5433 sunt
965 5348 1091 5433 bacca
1111 5351 1341 5435 rotundiolae
1361 5352 1535 5464 quasue
1559 5354 1690 5466 calyce
1704 5372 1870 5466 quatuor
1887 5351 2077 5437 foliorum
2096 5344 2272 5465 primlun

622 5460 723 5545 arete
743 5460 904 5543 obtectae
919 5461 1021 5557 sunt,
1053 5464 1092 5546 bc
1122 5460 1143 5545 ὲ
1174 5465 1316 5547 vertice
1343 5466 1486 5578 stylum
1518 5464 1758 5550 bifurcatum
1789 5468 2000 5577 ejicientes,
2032 5466 2187 5548 corticis
2208 5484 2268 5545 te-

622 5576 724 5667 nuis,
755 5568 930 5685 primum
949 5573 1103 5672 virides,
1125 5575 1214 5658 dein
1235 5574 1495 5674 albescentem
1527 5574 1619 5660 clim
1640 5600 1813 5676 mature,
1844 5578 1974 5661 colore
1992 5577 2211 5659 rubicundo
2229 5580 2270 5660 bc

618 5680 757 5797 parunt
777 5687 926 5767 nitente
935 5722 947 5781 3
971 5714 1097 5768 unum
1112 5678 1329 5801 capitulum
1345 5716 1573 5802 gemmeum
1593 5692 1746 5773 nonnisr
1763 5718 1888 5772 unum
1900 5688 2073 5773 fruelum
2085 5688 2247 5802 profert.

675 5908 723 5990 In
771 5906 961 5991 frustibue
1007 5907 1077 5993 sub
1126 5911 1269 5995 cortice
1320 5914 1501 5999 exteriori
1555 5916 1665 5999 tenui
1701 5940 1803 5999 unus
1851 5914 2013 5999 Narseus
2060 5911 2267 6013 rotundus,

730 6022 857 6104 Tora.
880 6024 915 6105 1.
1477 6025 1520 6109 N
2118 6024 2269 6124 viridis,
