6092 6950
1016 825 2099 974 nataruntcnn,
2246 861 2317 964 45

792 1275 848 1402 J
976 1265 1259 1396 aa
1400 1215 1919 1398 r-A'L
2077 1284 2148 1403 ts.

960 1471 2014 1686 mcnsssrnmnrnr.

2291 1787 2312 1846 ,l

1324 1978 1409 2062 FI
1439 1981 1495 2064 G.
1558 1979 1627 2066 26.

743 2167 831 2257 Π
835 2175 878 2257 Υ
872 2174 975 2256 -Alu
1008 2199 1096 2284 que
1122 2168 1290 2256 secunda
1316 2103 1459 2281 species
1491 2172 1572 2256 Asu
1611 2171 1678 2266 est,
1708 2170 1844 2282 lingua
1876 2174 2129 2266 Bramanum,
2160 2174 2307 2258 Araca-

764 2287 871 2413 Go'lig
891 2285 1182 2413 arbor'quoque
1196 2311 1360 2424 procera
1376 2283 1446 2377 est,
1476 2301 1516 2362 at
1544 2284 1675 2364 minor
1706 2285 1850 2365 caeteris
1872 2285 2089 2408 speciebus,
2120 2284 2304 2370 densis&

763 2424 892 2506 opacas
911 2395 1117 2478 frondrbus
1138 2397 1215 2478 late
1230 2396 1376 2508 sparsis.

624 2595 633 2608 ’
704 2620 830 2702 Radix
847 2648 1006 2731 quoque
1038 2620 1154 2702 crassa
1189 2620 1375 2700 radiculas
1412 2632 1495 2700 tam
1523 2617 1658 2702 subtus
1697 2615 1819 2730 qulm
1858 2617 1970 2729 super
2007 2639 2147 2700 terram
2186 2617 2305 2731 longe

648 2728 1073 2924 lgtlp'pspptudiffundenn
1101 2733 1244 2814 corti'ce
1263 2758 1423 2841 quoque
1448 2726 1585 2828 lacteo,
1616 2733 1685 2842 qui
1714 2731 1856 2812 incisus
1878 2733 1997 2812 etiam
2013 2761 2107 2813 curn
2129 2752 2307 2843 tempore

705 3065 855 3148 Caudex
888 3064 1043 3162 crassus,
1083 3069 1311 3180 amplexum
1351 3067 1470 3149 unius
1494 3062 1668 3152 hominis
1702 3094 1871 3176 aequans,
1902 3069 2046 3148 cortice
2082 3066 2219 3162 laneo,
2259 3095 2304 3148 ac

646 3169 741 3257 cium
764 3175 980 3258 detrahitur
1018 3180 1083 3260 seu
1125 3181 1328 3275 inciditur,
1358 3179 1464 3260 intus
1490 3179 1730 3273 rubescente,
1765 3207 1815 3260 ex
1854 3181 1970 3260 ramis
2001 3178 2120 3287 hujus
2155 3179 2304 3260 arboria

645 3287 845 3370 filamenta
862 3291 927 3398 seu
952 3292 1134 3375 radiculae
1161 3292 1291 3378 versus
1318 3311 1460 3374 terram
1484 3291 1664 3402 pendulae
1685 3292 1961 3372 demittuntur.
2022 3290 2172 3372 Surculi
2181 3291 2303 3370 teneri

644 3397 784 3484 virides
804 3405 843 3484 bc
866 3403 1095 3513 geniculati.

700 3625 810 3708 Folia
832 3652 921 3733 quae
943 3624 1100 3734 petiolis
1128 3626 1310 3708 brevibus
1340 3624 1568 3734 digitalibus
1591 3622 1800 3719 adherent,
1830 3625 1983 3705 minora
2012 3626 2172 3719 caeteris,
2203 3623 2305 3709 facie

641 3736 1021 3844 oblongo-rotunda,
1036 3737 1288 3848 rotundisque
1298 3739 1345 3819 ad
1357 3736 1552 3849 petiolum
1565 3739 1605 3818 bc
1624 3739 1792 3817 anterius
1807 3738 1899 3831 oris,
1913 3763 1957 3815 ac
1981 3737 2111 3846 parvi,
2142 3738 2301 3845 angusti

643 3848 684 3931 δι
709 3846 851 3929 obtusi
874 3847 1033 3958 cuspide
1059 3849 1288 3945 eminentia,
1316 3848 1521 3929 latitudine
1547 3850 1595 3929 ad
1625 3848 1827 3960 cuspidem
1849 3846 1966 3959 paulb
1993 3849 2145 3956 majori,
2176 3845 2298 3957 quarn

642 3960 691 4040 ad
726 3958 934 4072 petiolum,
966 3960 1133 4068 suntque
1157 3962 1286 4057 craffa,
1315 3961 1448 4055 solida,
1485 3958 1600 4041 densa
1628 3987 1672 4042 ac
1708 3960 1819 4040 valde
1857 3960 2020 4040 nitentia
2058 3962 2099 4038 in
2137 3976 2299 4069 utraque

445 4090 457 4116 .
578 4122 582 4127 ·
642 4088 764 4184 parte,
793 4066 930 4151 verbm
955 4072 1079 4181 magis
1105 4073 1148 4151 in
1166 4074 1294 4171 recti,
1323 4074 1366 4151 in
1394 4072 1474 4183 qua
1498 4073 1623 4153 virore
1647 4072 1737 4152 sunt
1768 4070 1891 4151 valde.
1906 4069 2016 4150 fusco
2036 4098 2078 4150 ac
2099 4070 2238 4151 satum.

697 4294 734 4373 E
768 4292 871 4374 costa
894 4322 982 4403 quae
1010 4296 1054 4374 in
1089 4315 1203 4405 parte
1226 4293 1377 4375 adversa
1413 4292 1587 4377 maxime
1615 4295 1776 4389 eminet,
1808 4288 1940 4375 minirs
1971 4284 2063 4375 verb
2091 4295 2132 4374 in
2179 4298 2293 4391 retra,

642 4408 752 4489 Venae
778 4405 1050 4485 intrafolium
1068 4406 1287 4516 conspicuae
1314 4404 1554 4489 transversim
1580 4411 1683 4487 resto
1704 4433 1747 4487 ac
1776 4406 1863 4485 satis
1883 4406 2067 4516 parallelo
2086 4405 2206 4485 dustu
2226 4435 2293 4488 or-

639 4514 731 4595 dine
749 4514 868 4597 denso
886 4536 1043 4612 exeunt,
1065 4530 1190 4629 'atque
1220 4516 1269 4597 ad
1298 4520 1516 4629 marginem
1547 4519 1734 4602 arcuatim
1766 4536 2038 4599 concurrentes
2059 4516 2188 4599 limbo
2204 4519 2293 4599 cin-

639 4647 801 4739 guntur.

695 4854 814 4962 Sapor
831 4852 944 4936 Foliis
962 4852 1198 4963 adstringens
1220 4854 1261 4935 bt
1277 4852 1516 4935 subamarus.
1636 4845 1646 4860 ⁹

694 5074 742 5154 In
770 5074 913 5153 vertice
946 5075 1190 5156 surculorum
1217 5102 1340 5157 conus
1370 5076 1626 5185 oblongus&
1650 5074 1782 5157 viridis
1812 5072 1913 5157 inter
1931 5072 2066 5158 foliosa
2092 5073 2291 5159 involucra

638 5184 775 5266 viridia
785 5184 882 5265 solia
900 5186 1042 5265 tenella
1056 5187 1318 5268 viridi-diluta
1334 5190 1561 5272 recondens.

644 5396 649 5404 ’
692 5410 857 5492 Fruslus
884 5411 954 5519 qui
987 5410 1067 5493 duo
1098 5412 1218 5493 tresve
1247 5413 1470 5523 congregati
1497 5412 1559 5493 vel
1593 5410 1749 5492 solitarii
1768 5437 1862 5492 cum
1881 5410 1991 5520 supra
2021 5410 2068 5503 ad
2096 5408 2288 5518 originem

634 5517 838 5615 foliorum,
868 5538 957 5601 tum
987 5520 1198 5604 hincinde
1226 5525 1416 5633 pediculis
1445 5523 1624 5606 brevibus
1657 5524 1905 5633 proveniunt,
1936 5521 2087 5632 parvuli
2121 5520 2208 5599 sunt
2247 5522 2288 5599 ὃς

635 5633 794 5711 rotundi
812 5634 854 5711 in
872 5635 1014 5728 vertice
1034 5635 1227 5717 umbilico
1244 5637 1441 5716 eminente
1460 5636 1649 5730 coronati,
1679 5635 1845 5743 suntque
1864 5634 1996 5727 euarn,
2027 5629 2120 5711 clim
2139 5632 2285 5711 imma·

633 5742 727 5836 turi,
757 5742 868 5824 lactei
887 5772 933 5829 ac
961 5746 1135 5846 virides3
1165 5749 1309 5834 maturi
1338 5746 1443 5846 vero,
1472 5744 1605 5833 minin
1635 5746 1761 5843 lactei,
1791 5745 1919 5831 colore
1950 5743 2048 5827 flavo
2075 5771 2120 5824 ac
2153 5739 2285 5825 minus

631 5851 869 5942 rubescente.
961 5926 967 5934 ,

2126 6073 2130 6082 ¹
2151 5964 2287 6052 Grnna
