6092 6950
975 781 1935 887 Mnnnnnn1ous
2215 763 2340 920 7,

736 1146 795 1265 r
934 1148 1003 1264 A
1128 1144 1198 1306 J
1319 1151 1389 1264 A
1507 1067 1633 1265 N
1719 1147 1782 1265 Ε
1913 1148 1975 1267 L
2101 1152 2155 1271 r.
2287 1098 2293 1188 ἵ

881 1347 1434 1462 munuum
1511 1349 2021 1501 morena

1316 1627 1486 1712 FIG.
1543 1659 1615 1741 45.

770 1779 932 1893 Ajdneli,
963 1809 1050 1891 quae
1081 1782 1136 1861 est
1160 1782 1325 1862 secunda
1351 1781 1493 1894 species
1522 1783 1621 1891 ling·
1655 1781 1787 1862 Bram.
1823 1780 2066 1876 Dauandictl,
2094 1783 2149 1864 est
2172 1782 2287 1863 arbor

799 1921 969 2024 procera,
982 1920 1112 2084 simos
1138 1895 1180 1973 in
1206 1895 1345 1988 altum,
1366 1892 1499 1976 minbs
1530 1893 1621 1974 verb
1639 1894 1683 1972 in
1711 1892 1838 1974 latum
1857 1893 2097 1989 diffundens,
2127 1893 2286 1974 nascens
2325 1901 2329 1908 ’

801 2031 841 2084 1n
867 2029 981 2084 areno
1011 2031 1042 2084 s.
1780 2025 1785 2040 ·

694 2228 820 2310 Radix
844 2224 922 2305 late
941 2225 1075 2334 sparsa,
1105 2226 1251 2306 cortice
1280 2219 1411 2322 crasso,
1442 2251 1579 2334 aqueo,
1610 2224 2017 2336 cinereo-nigricante,
2047 2226 2153 2306 intus
2180 2225 2284 2306 albi·

640 2362 765 2433 cante,
797 2338 937 2446 saporis
956 2333 1173 2429 subamari,
1193 2338 1235 2415 in
1265 2337 1539 2448 ramossparsr,
1569 2364 1618 2417 ex
1643 2335 1904 2443 quibushinc
1923 2337 2014 2418 inde
2033 2336 2126 2416 novi
2150 2337 2283 2446 stirpes

495 2461 497 2465 ’
610 2453 741 2545 ,ςίῑοα
754 2449 930 2528 medium
955 2447 1158 2528 caudicem
1176 2475 1226 2526 ex
1255 2447 1437 2542 ullulant,
1468 2447 1579 2554 ligno
1601 2445 1800 2529 'albicante
1819 2452 1859 2529 be
1885 2451 2017 2532 minus
2046 2446 2159 2529 dense
2186 2475 2285 2527 con·

640 2581 762 2653 texto,
792 2559 900 2666 quod
918 2561 960 2638 in
988 2557 1187 2638 filamenta
1210 2477 1324 2638 sicile
1342 2553 1596 2667 protrahitur.

552 2871 559 2885 ,
696 2783 844 2868 Caudex
862 2780 1016 2893 ambitu
1041 2780 1269 2889 arnplexum
1287 2781 1402 2860 unius
1433 2778 1609 2862 hominis
1637 2781 1869 2890 adimplens,
1899 2781 2010 2889 ligno
2028 2720 2187 2888 quoque
2205 2778 2286 2859 fra-

640 2895 772 3004 gili&
802 2895 845 2973 in
878 2891 1077 2972 filamenta
1108 2890 1145 2971 se
1176 2890 1361 2986 findente,
1392 2893 1537 2972 cortice
1556 2919 1715 3004 quoque
1732 2889 2035 2984 cinereo-fusco.

696 3117 847 3202 Surculi
866 3113 938 3222 qui
955 3111 1060 3194 foliis
1084 3113 1210 3194 vestiti
1228 3109 1353 3194 sonte
1372 3112 1532 3194 caudice
1545 3113 1811 3222 egrediuntur,
1841 3110 2009 3223 suntque
2026 3111 2222 3222 simplices
2240 3109 2284 3191 in

640 3229 770 3308 nullos
797 3223 970 3308 surculos
997 3225 1120 3317 divisi,
1151 3225 1342 3333 quinque,
1372 3225 1483 3305 sexve
1514 3221 1685 3306 ambitus
1713 3228 1804 3336 plus
1832 3222 1964 3306 minias
1993 3225 2117 3331 longi,
2148 3221 2286 3302 viridi·

639 3339 757 3418 diluti
784 3342 824 3420 be
844 3333 1026 3418 nonnihil
1054 3335 1175 3418 scabri
1200 3333 1266 3414 seu
1294 3335 1495 3444 punslulis
1526 3335 1660 3443 asperi,
1692 3335 1905 3417 rotundioli
1923 3360 1968 3412 ac
1997 3336 2040 3412 in
2070 3360 2148 3412 una
2165 3348 2286 3441 parte,

514 3459 516 3467 ’
638 3478 727 3557 quae
746 3477 839 3529 cum
866 3446 1038 3527 interiori
1053 3444 1248 3525 foliorum
1267 3445 1463 3538 convenit,
1494 3444 1641 3553 angulo
1659 3465 1775 3528 acuto
1804 3445 2035 3538 eminentes,
2067 3443 2187 3541 nullis
2215 3469 2287 3523 ex-

641 3562 860 3639 tuberantes
890 3555 1059 3648 nodulis,
1091 3558 1139 3633 ut'
1153 3554 1212 3634 illi
1231 3558 1367 3664 primae
1386 3556 1539 3665 speciei,
1559 3558 1676 3643 intus,
1693 3558 1812 3638 etiam
1831 3554 1984 3665 fungofi
1999 3558 2040 3637 δε
2059 3554 2286 3647 albicantes,

641 3670 754 3779 ligno
782 3694 908 3780 pauco
928 3667 975 3745 ad
1000 3668 1200 3759 corticem,
1231 3686 1347 3774 atque
1364 3666 1460 3747 adeo
1479 3667 1590 3745 valde
1614 3666 1744 3748 leves:
1775 3668 1919 3747 surculi
1947 3667 2039 3746 novi
2067 3664 2088 3744 ὲ
2115 3665 2284 3745 summi-

643 3800 719 3971 pate
738 3780 905 3971 caudipis
927 3773 1082 3857 tantbm
1100 3796 1329 3887 erumpunt,
1359 3774 1609 3865 inferioribus
1629 3780 1786 3861 vetustis
1814 3777 2002 3872 deciduis,
2031 3805 2076 3857 ac
2094 3794 2204 3859 notas
2223 3802 2286 3856 re-

662 3908 842 3999 inquenu
872 3916 931 3999 us.

699 4113 818 4206 Folia,
850 4141 936 4220 quae
959 4114 1000 4191 in
1027 4112 1074 4191 iis
1104 4103 1221 4191 ramis
1238 4110 1373 4221 passim
1394 4113 1486 4193 bina
1504 4116 1544 4193 bc
1574 4112 1679 4205 bina,
1709 4112 1774 4191 seu
1794 4106 1977 4190 nonnihil
2007 4109 2029 4189 ὲ
2062 4108 2099 4188 se
2115 4090 2288 4190 'invistm

642 4224 766 4305 diffita
798 4224 968 4332 petiolis!
993 4224 1128 4317 curtis,
1159 4222 1370 4332 languidis,
1400 4225 1562 4305 interius
1590 4223 1744 4315 strictis,
1787 4222 1966 4332 proxime
1994 4221 2043 4301 sd
2070 4219 2285 4329 angulum,

642 4362 722 4442 quo
754 4336 945 4426 eminent,
977 4332 1182 4413 transversa
1214 4335 1464 4442 proveniunt,
1495 4334 1624 4414 multo
1653 4336 1799 4439 majora
1817 4333 1905 4412 sunt
1933 4333 2012 4411 illis
2037 4334 2173 4441 primae
2199 4332 2286 4443 spe-

641 4445 727 4537 ciei,
759 4444 1004 4553 longitudine
1023 4440 1224 4551 spithamae
1243 4446 1282 4525 bt
1312 4444 1494 4552 amplius,
1526 4445 1653 4526 forma
1680 4446 1866 4553 oblonga,
1895 4445 2062 4523 laterum
2090 4439 2287 4522 difformi-
2392 4448 2413 4499 Ἀ

642 4586 726 4648 um,
757 4583 927 4663 quorum
946 4554 1060 4648 illud,
1091 4554 1198 4661 quod
1218 4550 1390 4635 caulium
1417 4554 1615 4665 fastigium
1635 4555 1803 4665 respicit,
1830 4556 1953 4664 duplo
1978 4553 2100 4633 ferme
2118 4552 2287 4661 amplius

642 4670 682 4745 be
709 4666 945 4745 rotundioris
964 4693 1040 4745 orae
1065 4665 1231 4773 reliquo,
1262 4692 1306 4744 ac
1331 4692 1380 4744 ex
1398 4664 1573 4746 inferiori
1591 4684 1698 4777 parte
1716 4667 1852 4776 petioli
1870 4664 2083 4774 egrediens,
2114 4666 2286 4744 anterius

642 4778 684 4857 in
696 4776 897 4885 cuspidem
914 4776 1115 4885 angustam
1134 4780 1342 4869 contracta,
1371 4779 1411 4855 in
1428 4780 1528 4855 rena
1546 4797 1654 4885 parte
1670 4776 1927 4868 viridi-fusca,
1942 4777 1982 4856 in
2002 4774 2152 4853 adversa
2170 4775 2286 4867 clara,

644 4888 794 4968 novella
804 4906 936 4965 autem
948 4886 1063 4966 rubra
1074 4887 1137 4967 seu
1152 4884 1322 4995 hepatici
1334 4887 1489 4981 coloris,
1498 4888 1626 4969 odoris
1639 4887 1896 4980 maleolentis,
1905 4905 2066 4965 textura
2078 4885 2284 4995 groffioris.

701 5092 864 5219 Costulke,
886 5136 971 5216 qua
999 5135 1048 5187 ex
1073 5109 1201 5189 media
1228 5108 1330 5215 cosla
1349 5112 1390 5189 in
1409 5107 1561 5189 adversa
1576 5109 1743 5217 obliquo
1760 5126 1917 5190 arcuato
1936 5110 2058 5189 ductu
2075 5109 2289 5191 excurrunt

644 5220 667 5301 ὲ
685 5222 859 5328 margine
887 5218 1035 5297 reflexae
1054 5218 1343 5329 multiplicibus
1363 5219 1529 5299 arcubus
1557 5222 1600 5300 in
1619 5219 1657 5299 se
1675 5223 1846 5301 invicem
1862 5223 2086 5312 incurrunt,
2117 5218 2287 5299 ramulos

643 5330 882 5422 transversos,
913 5330 982 5437 qui
1012 5331 1054 5409 in
1079 5330 1229 5409 adversa
1261 5327 1385 5410 solltm
1403 5347 1552 5424 extant,
1581 5359 1626 5409 ae
1654 5331 1806 5411 venulis
1825 5331 2022 5411 intertexti
2051 5330 2155 5424 sunt,
2184 5357 2233 5411 ex
2252 5330 2289 5409 se

644 5439 910 5522 distribuentes
927 5478 940 5535 ς
972 5440 1139 5548 suntque
1158 5440 1253 5521 solia
1273 5441 1317 5520 in
1342 5441 1534 5522 costarum
1548 5467 1835 5552 nervorumque
1854 5446 1976 5523 tradlu
2002 5442 2044 5523 in
2064 5444 2164 5521 resta
2181 5458 2289 5550 parte
2326 5516 2339 5531 ,

644 5552 784 5631 striata.

547 5765 552 5775 ’
699 5772 826 5854 Flores
853 5800 1011 5883 quoque
1039 5773 1363 5885 campanisormes
1393 5804 1437 5856 ac
1459 5775 1603 5859 fimiles
1621 5775 1703 5861 illis
1730 5778 1869 5888 prima
1897 5716 2050 5891 spsciei,
2082 5770 2219 5855 verbm
2245 5771 2289 5853 hi

757 5884 883 5964 Tou.
904 5886 937 5969 Ι.
1442 5881 1493 5969 Μ
2114 5888 2292 5999 quinque
