6092 6950
701 692 770 818 ¹2⁸
1295 660 1930 780 Romus

699 903 740 982 su
791 898 890 980 riora
908 896 1039 976 *versus
1068 894 1214 976 inflexo
1236 892 1457 988 incurrunt,
1486 891 1696 973 intervallis
1723 907 1853 972 autem
1881 887 2066 973 ordinatis
2096 915 2141 974 ac
2173 889 2298 976 ferme
2313 893 2520 1010 kmidigi-

700 1033 718 1092 t
757 1013 842 1090 'bus
878 1008 1029 1089 venulis
1062 1008 1185 1115 magis
1214 1005 1429 1086 nitentibus
1455 1005 1558 1100 sunt,
1589 1006 1694 1084 acin
1720 1029 1851 1084 carum
1878 1007 2001 1082 tractu
2035 1005 2077 1085 in
2099 1009 2200 1086 recta
2229 1025 2368 1117 panim
2397 1031 2517 1091 extu·

701 1123 886 1214 berantia,
916 1123 956 1200 ἂ
981 1121 1023 1198 in
1051 1119 1199 1198 adversa
1224 1116 1375 1228 rugulis
1394 1117 1561 1196 tenuiter
1579 1115 1717 1208 striata,
1748 1143 1791 1196 ac
1818 1117 1859 1194 in
1879 1115 1967 1226 ipfis
1997 1115 2108 1196 costae
2136 1119 2213 1198 oris
2236 1119 2278 1198 in
2299 1123 2422 1200 trastu
2446 1121 2519 1202 suo

701 1231 865 1344 oblique
883 1259 931 1309 ex
957 1229 1136 1309 inferiore
1160 1225 1271 1308 costae
1299 1244 1405 1337 parte
1428 1223 1638 1335 conspicue
1663 1225 1925 1318 deducuntur,
1955 1227 2067 1306 acin
2102 1231 2277 1338 margine
2305 1231 2374 1309 ubi
2406 1251 2519 1312 tene-

702 1347 801 1434 riora
821 1370 915 1424 cum
934 1342 1001 1420 suo
1031 1367 1138 1418 ramo
1158 1343 1198 1419 in
1225 1358 1357 1418 totum
1385 1339 1474 1417 suut
1492 1338 1711 1431 albicantia,
1743 1341 1782 1418 δι
1801 1339 1843 1416 in
1862 1355 1967 1446 parte
1986 1340 2087 1418 recta
2114 1337 2250 1420 album
2279 1341 2442 1421 sericum
2467 1371 2518 1423 ex

702 1455 934 1536 vividiffrmo
956 1451 1119 1531 candore
1141 1454 1181 1530 dc
1210 1451 1335 1529 nitore
1357 1449 1605 1544 aemulantia,
1634 1449 1780 1528 solium
1808 1450 1997 1528 intimum
2023 1449 2130 1559 quod
2158 1479 2207 1533 ex
2235 1453 2361 1533 radice
2388 1455 2520 1563 prodit

703 1595 748 1647 ac
773 1566 821 1646 ab
840 1565 924 1646 aliis
952 1559 1309 1671 comprehenditur,
1339 1562 1380 1640 in
1407 1560 1443 1639 se
1471 1559 1731 1640 convolutum
1756 1560 1823 1639 est.

762 1677 853 1757 Post
870 1675 1058 1754 soliorum
1085 1673 1284 1764 omnium,
1314 1698 1400 1780 quae
1419 1699 1467 1750 ex
1486 1670 1611 1750 radice
1639 1671 1831 1779 originem
1860 1669 2034 1766 sumunt,
2064 1690 2260 1768 exortum,
2290 1685 2393 1756 unus
2414 1678 2532 1758 Gau..

706 1789 751 1870 lis
768 1786 972 1879 rotundus,
1003 1785 1074 1894 qui
1101 1801 1208 1894 parte
1232 1781 1410 1863 inferiore
1439 1779 1621 1862 nonnihil
1648 1782 1812 1876 crassior,
1843 1811 1891 1861 ex
1911 1783 2041 1862 medio
2066 1785 2212 1894 pedum
2230 1811 2429 1866 ramorum
2453 1787 2529 1868 so·

707 1901 917 1979 liaceorum
943 1894 965 1974 ὲ
985 1896 1109 1974 radice
1125 1895 1298 2002 exsurgit
1321 1895 1364 1971 in
1390 1893 1612 1972 summitate
1631 1919 1732 1972 cono
1756 1893 1979 1988 nodulatuS,
1996 1922 2039 1973 ac
2058 1923 2106 1974 ex
2126 1923 2171 1974 eo
2188 1895 2285 1974 binc
2304 1898 2396 1975 inde
2411 1898 2521 1978 diffi-

707 2013 757 2089 tis
785 2007 995 2089 intervallis
1015 2007 1112 2084 rami
1142 2025 1216 2083 tres
1243 2022 1467 2113 quatuorve,
1498 2031 1668 2113 quorum
1688 2004 1896 2114 superiores
1925 2028 2072 2086 conum
2102 2006 2294 2116 obtegunt
2321 2035 2364 2086 ac
2390 2005 2531 2088 invol-

707 2141 822 2213 vunt,
850 2136 1069 2228 emergunt,
1100 2117 1244 2224 quibus
1269 2117 1407 2226 apertis
1427 2117 1656 2196 &relaxatis
1673 2141 1796 2196 conus
1827 2117 1863 2196 se
1877 2115 1977 2197 foras
1999 2117 2128 2226 prodit
2152 2116 2372 2228 arborisque
2419 2137 2532 2209 artus

709 2232 971 2342 conspicitur,
1002 2226 1147 2306 horum
1179 2245 1310 2306 autem
1338 2253 1536 2306 ramorum
1565 2227 1659 2306 folia
1678 2230 1798 2307 trium
1826 2245 2039 2335 quatuorve
2061 2229 2275 2338 digitorum
2295 2147 2523 2311 tranlirerso·

710 2369 800 2422 mm
829 2342 893 2420 seu
922 2341 1045 2450 palmi
1072 2338 1132 2417 vel
1173 2335 1372 2448 spithamas
1402 2338 1603 2418 intervallo
1635 2337 1657 2418 ὲ
1696 2339 1879 2448 superiori
1913 2359 2022 2449 parte
2049 2339 2157 2448 pedis
2196 2365 2261 2420 eos
2298 2338 2532 2433 investiunt,

712 2455 878 2564 suntque
905 2453 1037 2530 minus
1071 2449 1242 2557 oblonga
1274 2447 1396 2558 quim
1413 2478 1498 2586 quae
1524 2451 1565 2527 in
1591 2451 1784 2559 prioribus
1805 2451 1920 2530 ramis
1951 2479 1994 2530 ac
2028 2451 2174 2531 minori
2203 2452 2406 2532 intervallo
2432 2471 2537 2564 puta

711 2565 833 2674 palmi
860 2562 920 2641 vel
941 2559 1138 2672 spithamae
1158 2561 1245 2671 plus
1273 2562 1404 2639 minus
1434 2589 1457 2640 a
1484 2560 1580 2670 pede
1608 2580 1752 2643 exorta.

771 2675 897 2756 Caralis
909 2676 950 2751 in
970 2691 1077 2782 parte
1097 2699 1153 2764 ea,
1184 2699 1271 2779 quae
1294 2669 1316 2751 a
1334 2671 1429 2781 pede
1449 2697 1646 2750 ramorum
1666 2668 1841 2752 investita
1858 2671 1926 2767 est,
1956 2671 2128 2754 albicans
2155 2675 2194 2752 &
2210 2673 2341 2751 mollis
2362 2703 2405 2752 ac
2421 2693 2539 2754 tener

713 2785 767 2866 est
788 2802 898 2894 parte·
922 2783 1118 2892 superiori,
1148 2809 1235 2890 quae
1260 2811 1357 2862 cum
1379 2810 1482 2864 cono
1506 2780 1606 2862 foras
1642 2783 1678 2862 se
1703 2785 1847 2894 prodit,
1877 2784 2070 2863 viridescit
2095 2812 2138 2864 ac
2165 2784 2297 2862 durior
2318 2783 2467 2878 evadit,-
2488 2787 2540 2866 dr,

714 2897 922 2998 filamentis
936 2891 1120 2987 nonnihil
1139 2893 1295 3002 lignosas
1320 2891 1374 2972 est
1398 2911 1609 3002 pertextus‚
1626 2923 1669 2974 ac
1690 2923 1784 2975 cum
1803 2913 1976 3003 tempore
2003 2895 2126 3004 magis
2153 2893 2350 3002 magisque
2363 2894 2540 3004 pandus,

713 3007 845 3115 estque
866 3008 971 3086 intus
994 3008 1037 3085 in
1069 3024 1198 3085 totum
1231 3003 1420 3084 fistulosus
1454 3033 1497 3084 ac
1535 3007 1675 3116 saporis
1704 3005 1830 3113 aquei,
1862 3003 2062 3086 subdulcis
2100 3005 2140 3086 dc
2173 3004 2529 3116 subadstringentis,

715 3119 786 3196 ubi
804 3116 1078 3228 confringitur,
1103 3117 1219 3252 plura
1240 3114 1437 3194 filam'enta
1460 3115 1622 3194 candida
1651 3143 1699 3194 ex
1730 3114 1928 3224 superficie
1960 3117 2130 3225 partium
2155 3115 2441 3198 contractarum
2460 3115 2538 3198 de-

714 3229 914 3309 ducuntur
935 3255 979 3306 ac
1004 3229 1122 3334 longe
1144 3223 1424 3338 protrahuntur
1435 3264 1447 3320 ;
1484 3223 1551 3304 hic
1572 3245 1678 3304 tener
1697 3229 1830 3305 coslus
1854 3254 1897 3304 ac
1933 3223 2183 3306 dfilamentis
2204 3226 2392 3336 separatus
2417 3229 2470 3308 est
2488 3230 2540 3309 in

715 3340 880 3419 eduliis:
911 3339 1049 3418 succus
1068 3340 1111 3416 in
1135 3357 1243 3446 parte
1267 3337 1455 3448 superiori
1476 3355 1683 3416 contentus
1705 3337 1828 3446 magis
1848 3336 2083 3448 adstringens
2103 3338 2157 3418 est
2190 3339 2229 3430 tc
2254 3337 2467 3421 subluteus
2487 3367 2538 3422 ac·

653 3526 659 3539 ,
717 3449 939 3531 unctuosus.

774 3563 899 3643 Floras
916 3589 961 3640 ac
984 3562 1146 3643 Frustra
1160 3559 1275 3639 fimul
1294 3562 1335 3653 in
1348 3587 1449 3641 cono
1467 3563 1701 3670 proveniunt
1712 3598 1725 3653 3
1756 3558 1810 3639 est
1831 3576 1962 3639 autem
1985 3587 2107 3640 conus
2123 3557 2354 3671 spithamam
2373 3562 2539 3671 longus,

719 3672 894 3753 constans
920 3700 968 3751 ex
991 3670 1095 3752 soliis
1122 3672 1302 3782 plurimis
1333 3670 1709 3779 oblongo-rotundis
1733 3672 1899 3749 anterius
1923 3672 2259 3766 coutradtioribus,
2280 3672 2540 3781 grandiuscu-

717 3786 783 3880 lis,
813 3784 954 3877 craffis,
984 3786 1024 3862 bt
1052 3783 1123 3863 fibi
1149 3801 1290 3861 mutuo
1319 3781 1636 3891 superimpofitiS,
1665 3806 1708 3858 ac
1739 3779 1890 3872 clausu,
1919 3782 1960 3859 bt
1979 3780 2021 3859 in
2050 3782 2209 3887 diuersas
2235 3783 2349 3863 series
2374 3782 2541 3895 disposr--

690 3945 699 3957 ·
719 3899 769 3975 tis
787 3926 797 3974 ε
829 3922 916 4003 quae
932 3895 1115 3988 coriacea,
1145 3894 1312 3972 exterius
1345 3911 1547 4001 corrugata
1574 3919 1617 3971 ac
1639 3890 1813 3971 sulcis&
1839 3892 1998 3971 interius
2019 3892 2126 3973 venis
2146 3895 2188 3973 in
2217 3892 2416 4002 cuspidem
2436 3896 2541 3976 desi·-

719 4006 904 4087 nentibus
935 4004 1062 4083 striata
1094 4004 1182 4085 sunt
1194 4043 1207 4099 ;
1239 4032 1325 4112 quae
1355 4006 1542 4081 exteriora
1571 4000 1680 4095 folia,
1711 4000 1839 4081 colore
1875 4001 1964 4081 sunt
1998 4004 2164 4085 exterius
2209 4002 2462 4087 rubro-fusco
2494 4008 2535 4089 de

721 4114 964 4223 subcoeruleo
983 4143 1066 4195 rore
1093 4114 1304 4225 conspersa,
1335 4115 1439 4194 acin
1460 4114 1633 4193 interiori
1662 4112 1860 4223 superficie
1878 4112 2110 4223 sanguinea3
2141 4143 2228 4223 quae
2247 4116 2441 4211 interiora,
2463 4145 2543 4199 co*

721 4230 804 4308 lore
831 4228 929 4307 slavo
961 4228 1001 4307 δι
1027 4227 1149 4335 magis
1184 4255 1229 4305 ac
1248 4225 1371 4334 magis
1391 4224 1598 4317 albicante,
1627 4220 1720 4303 ciam
1740 4242 1847 4303 tener
1874 4224 1941 4318 est,
1972 4252 2094 4305 conus
2123 4253 2218 4304 cum
2248 4226 2316 4307 suo
2336 4229 2446 4308 caule
2464 4258 2537 4309 co-

723 4341 804 4418 lore
823 4338 864 4417 in
883 4356 1015 4418 totum
1033 4338 1086 4415 est
1101 4338 1291 4415 albicante
1307 4373 1319 4427 ς
1351 4337 1451 4413 intra
1479 4335 1628 4443 fingula
1642 4333 1760 4441 hujus
1780 4338 1870 4415 coni
1897 4335 1993 4415 folia
2020 4363 2106 4445 quae
2125 4364 2252 4416 unum
2265 4337 2351 4449 post
2369 4338 2536 4418 altemm

722 4450 761 4529 se
782 4450 959 4558 aperiunt
985 4476 1029 4527 ac
1057 4447 1147 4526 dein
1167 4445 1366 4537 decidunt,
1397 4444 1507 4523 flores
1537 4472 1630 4524 cum
1663 4446 1855 4525 fructibus
1875 4447 2019 4554 quibus
2039 4448 2206 4529 infident
2231 4447 2294 4527 seu
2326 4448 2436 4529 fiores
2466 4451 2537 4531 soli

723 4561 994 4653 includuntur,
1024 4559 1064 4637 δι
1084 4557 1244 4665 quidem
1258 4558 1359 4634 intra
1372 4554 1467 4635 solia
1479 4558 1666 4641 exteriora
1684 4560 1723 4636 δι
1741 4557 1920 4636 inferiora
1948 4557 2057 4636 flores
2084 4585 2177 4637 cum
2197 4558 2389 4639 frustibus
2405 4562 2535 4655 fimul,

724 4672 868 4779 quibus
888 4670 1067 4762 infident‚
1098 4671 1198 4746 intra
1216 4667 1310 4747 solia
1329 4687 1461 4746 autem
1482 4668 1663 4747 interiora
1681 4668 1895 4778 &propius
1924 4668 1971 4747 ad
1999 4668 2198 4777 cuspidem
2218 4672 2309 4751 coni
2328 4670 2408 4765 fita,
2425 4673 2546 4753 flores.

725 4783 796 4862 soli
828 4783 905 4862 fine
920 4780 1126 4862 fructibus.
2438 4780 2443 4790 ’

782 4898 882 4975 Sunt
909 4911 1040 4972 autem
1065 4891 1204 4984 Floret,
1236 4885 1305 4998 qui
1336 4887 1535 4973 Fruslibus
1567 4890 1747 4983 infident,
1777 4888 1991 4971 constantes
2012 4908 2178 5001 quatuor
2198 4891 2326 4987 foliis,
2350 4894 2422 4975 tria
2451 4894 2540 4975 sunt

726 5004 909 5113 oblonga,
941 5002 1103 5082 surrecta
1121 5004 1160 5081 δε
1178 5001 1313 5110 rigida,
1334 5001 1484 5081 inferne
1509 5003 1644 5083 latiora
1671 5030 1714 5079 ac
1734 5000 1871 5081 sensam
1890 5002 1931 5079 in
1950 5000 2156 5111 augustum
2177 5008 2384 5099 contracta,
2405 5006 2541 5101 crassa,

724 5113 907 5195 nonnihil
930 5112 1138 5223 pellucido,
1168 5112 1387 5207 albicantia,
1418 5116 1458 5194 &
1481 5114 1656 5206 nitentia,
1688 5139 1731 5191 ac
1751 5113 1857 5191 venis
1880 5112 1922 5191 in
1942 5112 2109 5223 longum
2134 5116 2275 5209 striata,
2303 5114 2473 5225 superius
2495 5120 2543 5197 in

724 5226 881 5335 cuspide
908 5226 1017 5317 flava,
1048 5242 1163 5336 atquc
1187 5234 1325 5303 eorum
1357 5254 1499 5319 unum,
1530 5224 1636 5334 quod
1662 5220 1827 5303 exterius
1856 5223 1988 5319 satum,
2018 5226 2132 5305 latius
2156 5224 2210 5303 est
2242 5225 2462 5336 &superne
2496 5230 2550 5307 in·

726 5358 802 5424 tres
828 5336 1004 5445 cuspides
1023 5332 1135 5415 flavas
1158 5335 1339 5430 incisum,
1361 5338 1439 5416 duo
1468 5354 1603 5416 catera
1620 5334 1836 5443 angustiora
1854 5337 1892 5414 δι
1917 5338 1959 5415 in
1981 5362 2099 5414 unam
2114 5334 2314 5445 cuspidem
2328 5342 2538 5433 contracta,

724 5467 843 5555 atque
868 5474 917 5525 ex
945 5444 1049 5525 hisce
1068 5448 1221 5527 duobus
1250 5476 1376 5528 unum
1396 5448 1503 5557 quod
1529 5447 1627 5527 folio
1658 5446 1785 5525 latiori
1810 5448 1932 5554 magis
1955 5443 2134 5554 proxime
2165 5447 2312 5553 adjacet
2330 5446 2540 5530 cochleatae

725 5558 900 5637 cavitatis
914 5577 1031 5637 tenue
1058 5562 1097 5639 δε
1112 5560 1234 5669 magis
1251 5561 1501 5669 transparens,
1519 5578 1702 5667 quartum
1722 5556 1867 5636 folium
1897 5556 2004 5662 quod
2023 5557 2124 5635 inter
2143 5556 2221 5635 duo
2240 5556 2336 5637 folia
2354 5559 2547 5671 oblonga,

726 5670 900 5747 cvaffiora
917 5670 1110 5749 confitum
1129 5671 1195 5764 est,
1225 5674 1265 5751 ὅσ
1285 5698 1334 5751 ex
1363 5671 1515 5749 adverso
1535 5670 1622 5749 solii
1642 5668 1806 5775 oblongi
1826 5668 2028 5761 tenuioris,
2059 5667 2113 5746 est
2131 5668 2246 5747 instar
2274 5670 2447 5751 veficulae
2476 5672 2543 5751 seu

727 5778 898 5859 folliculi
928 5784 1085 5860 rotundi
1105 5784 1286 5862 interiora
1303 5782 1430 5862 versus
1463 5781 1737 5872 convolutum,
1768 5776 2095 5872 candidiffimum,
2126 5780 2268 5874 nitens,
2298 5810 2343 5863 ac
2370 5783 2543 5862 maxime

726 5890 978 6000 transparens,
1008 5894 1238 5973 tenuissrmis
1256 5894 1407 5972 venulis
1433 5895 1474 5971 in
1495 5893 1661 6000 longum
1687 5890 1876 5982 striatum,
1906 5886 2045 5983 minias,
2066 5889 2301 6001 oblongum,
2331 5922 2375 5972 ac
2409 5894 2451 5973 in
2478 5904 2571 5973 ora‘

729 6003 894 6083 rotunda
911 6006 1065 6084 verticis
1084 6005 1241 6116 cuspide
1268 6005 1427 6113 crispata
1456 6004 1647 6095 eminens,
1678 6002 1719 6079 in
1753 6001 1803 6095 se,
1835 5998 1928 6079 clun
1957 6002 2135 6081 nondum
2155 6023 2331 6111 apertum
2365 6004 2432 6099 est,
2463 6003 2544 6085 hu-

730 6142 881 6194 morem
915 6117 1142 6226 limpidum,
1174 6115 1422 6210 unctuosum,
1454 6132 1498 6195 ur
1531 6114 1595 6196 ovi
1623 6112 1824 6213 albumen,
1855 6112 1919 6196 sed
1952 6114 2185 6213 tenuiorem,
2215 6141 2259 6198 ac
2296 6114 2542 6211 subdulcem,

730 6226 845 6307 instar
872 6228 1017 6321 mellis,
1049 6227 1269 6309 continens.
1770 6236 1779 6251 '

1070 6364 1094 6419 2
2392 6336 2427 6427 E
2456 6362 2547 6443 mea
