<?xml version="1.0" encoding="UTF-8"?>
<!DOCTYPE html PUBLIC "-//W3C//DTD XHTML 1.0 Transitional//EN"
    "http://www.w3.org/TR/xhtml1/DTD/xhtml1-transitional.dtd">
<html xmlns="http://www.w3.org/1999/xhtml" xml:lang="en" lang="en">
 <head>
  <title>
</title>
<meta http-equiv="Content-Type" content="text/html;charset=utf-8" />
  <meta name='ocr-system' content='tesseract 3.04.00' />
  <meta name='ocr-capabilities' content='ocr_page ocr_carea ocr_par ocr_line ocrx_word'/>
</head>
<body>
  <div class='ocr_page' id='page_1' title='image "./hortimalabarici00drakgoog/hortimalabarici00drakgoog_0055.png"; bbox 0 0 6092 6950; ppageno 0'>
   <div class='ocr_carea' id='block_1_1' title="bbox 1019 803 2325 962">
    <p class='ocr_par' dir='ltr' id='par_1_1' title="bbox 1019 803 2325 962">
     <span class='ocr_line' id='line_1_1' title="bbox 1019 803 2325 962; baseline -0.002 -28"><span class='ocrx_word' id='word_1_1' title='bbox 1019 803 1972 936; x_wconf 77' lang='lat' dir='ltr'>uanasanrcus</span> <span class='ocrx_word' id='word_1_2' title='bbox 2251 859 2325 962; x_wconf 58' lang='grc' dir='ltr'>ῃ</span> 
     </span>
    </p>
   </div>
   <div class='ocr_carea' id='block_1_2' title="bbox 864 1279 2184 1716">
    <p class='ocr_par' dir='ltr' id='par_1_2' title="bbox 864 1279 2184 1740">
     <span class='ocr_line' id='line_1_2' title="bbox 864 1279 2112 1442; baseline -0.004 -37"><span class='ocrx_word' id='word_1_3' title='bbox 864 1279 936 1405; x_wconf 84' lang='lat' dir='ltr'><em>A</em></span> <span class='ocrx_word' id='word_1_4' title='bbox 1094 1279 1156 1442; x_wconf 83' lang='lat' dir='ltr'>n</span> <span class='ocrx_word' id='word_1_5' title='bbox 1328 1279 1391 1397; x_wconf 84' lang='lat' dir='ltr'>n</span> <span class='ocrx_word' id='word_1_6' title='bbox 1509 1283 1635 1420; x_wconf 57' lang='lat' dir='ltr'>,A</span> <span class='ocrx_word' id='word_1_7' title='bbox 1796 1283 1857 1400; x_wconf 82' lang='lat' dir='ltr'>n</span> <span class='ocrx_word' id='word_1_8' title='bbox 2038 1283 2112 1400; x_wconf 80' lang='lat' dir='ltr'>u</span> 
     </span>
     <span class='ocr_line' id='line_1_3' title="bbox 865 1471 2184 1716; baseline 0.013 -49"><span class='ocrx_word' id='word_1_9' title='bbox 865 1697 871 1716; x_wconf 78' lang='lat'>,</span> <span class='ocrx_word' id='word_1_10' title='bbox 972 1489 1290 1690; x_wconf 61' lang='lat' dir='ltr'>ricus</span> <span class='ocrx_word' id='word_1_11' title='bbox 1409 1471 2011 1686; x_wconf 74' lang='lat' dir='ltr'>unul-orosa.</span> <span class='ocrx_word' id='word_1_12' title='bbox 2121 1555 2184 1684; x_wconf 92' lang='grc'>·.</span> 
     </span>
    </p>
   </div>
   <div class='ocr_carea' id='block_1_3' title="bbox 1348 1839 1794 2001">
    <p class='ocr_par' dir='ltr' id='par_1_3' title="bbox 1348 1839 1794 2001">
     <span class='ocr_line' id='line_1_4' title="bbox 1348 1839 1794 2001; baseline 0.002 -27"><span class='ocrx_word' id='word_1_13' title='bbox 1348 1889 1520 1974; x_wconf 68' lang='grc'><strong>010.</strong></span> <span class='ocrx_word' id='word_1_14' title='bbox 1582 1917 1649 2001; x_wconf 89' lang='lat'>27·</span> <span class='ocrx_word' id='word_1_15' title='bbox 1790 1839 1794 1848; x_wconf 69' lang='grc'><strong>’</strong></span> 
     </span>
    </p>
   </div>
   <div class='ocr_carea' id='block_1_4' title="bbox 809 2073 2389 2417">
    <p class='ocr_par' dir='ltr' id='par_1_4' title="bbox 809 2073 2389 2417">
     <span class='ocr_line' id='line_1_5' title="bbox 809 2073 2389 2191; baseline -0.002 -29"><span class='ocrx_word' id='word_1_16' title='bbox 809 2075 942 2173; x_wconf 85' lang='lat' dir='ltr'>Rea&#39;lu,</span> <span class='ocrx_word' id='word_1_17' title='bbox 971 2105 1059 2188; x_wconf 91' lang='lat' dir='ltr'>quae</span> <span class='ocrx_word' id='word_1_18' title='bbox 1078 2077 1191 2160; x_wconf 88' lang='lat' dir='ltr'>tertia</span> <span class='ocrx_word' id='word_1_19' title='bbox 1215 2079 1271 2160; x_wconf 90' lang='lat' dir='ltr'>est</span> <span class='ocrx_word' id='word_1_20' title='bbox 1300 2079 1444 2191; x_wconf 90' lang='lat' dir='ltr'>species</span> <span class='ocrx_word' id='word_1_21' title='bbox 1469 2079 1564 2174; x_wconf 83' lang='lat' dir='ltr'>Alu,</span> <span class='ocrx_word' id='word_1_22' title='bbox 1595 2077 1731 2188; x_wconf 87' lang='lat' dir='ltr'>lingua</span> <span class='ocrx_word' id='word_1_23' title='bbox 1761 2073 2000 2162; x_wconf 88' lang='lat' dir='ltr'>Bramanum</span> <span class='ocrx_word' id='word_1_24' title='bbox 2020 2079 2180 2191; x_wconf 80' lang='lat' dir='ltr'>Ripalol,</span> <span class='ocrx_word' id='word_1_25' title='bbox 2212 2075 2327 2160; x_wconf 88' lang='lat' dir='ltr'>arbor</span> <span class='ocrx_word' id='word_1_26' title='bbox 2383 2177 2389 2188; x_wconf 94' lang='lat'>.</span> 
     </span>
     <span class='ocr_line' id='line_1_6' title="bbox 831 2189 2379 2302; baseline -0.001 -34"><span class='ocrx_word' id='word_1_27' title='bbox 831 2217 991 2300; x_wconf 92' lang='lat' dir='ltr'>quoque</span> <span class='ocrx_word' id='word_1_28' title='bbox 1014 2191 1069 2270; x_wconf 92' lang='lat' dir='ltr'>est</span> <span class='ocrx_word' id='word_1_29' title='bbox 1092 2218 1264 2301; x_wconf 88' lang='lat' dir='ltr'>procera,</span> <span class='ocrx_word' id='word_1_30' title='bbox 1277 2193 1401 2274; x_wconf 75' lang='lat' dir='ltr'>densas</span> <span class='ocrx_word' id='word_1_31' title='bbox 1428 2195 1467 2272; x_wconf 87' lang='lat'>&amp;</span> <span class='ocrx_word' id='word_1_32' title='bbox 1495 2192 1627 2301; x_wconf 86' lang='lat' dir='ltr'>opacis</span> <span class='ocrx_word' id='word_1_33' title='bbox 1648 2190 1860 2272; x_wconf 86' lang='lat' dir='ltr'>&#39;frondibus</span> <span class='ocrx_word' id='word_1_34' title='bbox 1881 2191 1957 2274; x_wconf 75' lang='lat' dir='ltr'>late</span> <span class='ocrx_word' id='word_1_35' title='bbox 1982 2192 2126 2302; x_wconf 88' lang='lat' dir='ltr'>sparfis,</span> <span class='ocrx_word' id='word_1_36' title='bbox 2149 2189 2324 2271; x_wconf 81' lang='lat' dir='ltr'>nascens·</span> <span class='ocrx_word' id='word_1_37' title='bbox 2377 2290 2379 2298; x_wconf 17' lang='grc' dir='ltr'><strong><em>Α</em></strong></span> 
     </span>
     <span class='ocr_line' id='line_1_7' title="bbox 831 2302 2265 2417; baseline 0.002 -35"><span class='ocrx_word' id='word_1_38' title='bbox 831 2303 973 2412; x_wconf 83' lang='lat' dir='ltr'>quein</span> <span class='ocrx_word' id='word_1_39' title='bbox 1000 2304 1230 2411; x_wconf 74' lang='lat' dir='ltr'>arenosas&amp;</span> <span class='ocrx_word' id='word_1_40' title='bbox 1255 2304 1429 2417; x_wconf 88' lang='lat' dir='ltr'>petrofis,</span> <span class='ocrx_word' id='word_1_41' title='bbox 1455 2330 1499 2384; x_wconf 92' lang='lat' dir='ltr'>ac</span> <span class='ocrx_word' id='word_1_42' title='bbox 1529 2305 1646 2384; x_wconf 91' lang='lat' dir='ltr'>etiam</span> <span class='ocrx_word' id='word_1_43' title='bbox 1675 2305 1718 2382; x_wconf 93' lang='lat' dir='ltr'>in</span> <span class='ocrx_word' id='word_1_44' title='bbox 1744 2302 1964 2397; x_wconf 84' lang='lat' dir='ltr'>arboribus,</span> <span class='ocrx_word' id='word_1_45' title='bbox 1990 2305 2049 2382; x_wconf 93' lang='lat' dir='ltr'>uti</span> <span class='ocrx_word' id='word_1_46' title='bbox 2075 2305 2232 2384; x_wconf 87' lang='lat' dir='ltr'>Itti-Al</span> <span class='ocrx_word' id='word_1_47' title='bbox 2256 2365 2265 2385; x_wconf 93' lang='lat'><strong>.</strong></span> 
     </span>
    </p>
   </div>
   <div class='ocr_carea' id='block_1_5' title="bbox 671 2520 2323 2748">
    <p class='ocr_par' dir='ltr' id='par_1_5' title="bbox 671 2520 2323 2748">
     <span class='ocr_line' id='line_1_8' title="bbox 726 2520 2323 2636; baseline -0.004 -24"><span class='ocrx_word' id='word_1_48' title='bbox 726 2525 853 2612; x_wconf 65' lang='lat' dir='ltr'>Radia</span> <span class='ocrx_word' id='word_1_49' title='bbox 869 2525 983 2608; x_wconf 79' lang='lat' dir='ltr'>crassa</span> <span class='ocrx_word' id='word_1_50' title='bbox 998 2520 1149 2608; x_wconf 72' lang='lat' dir='ltr'>‘radices</span> <span class='ocrx_word' id='word_1_51' title='bbox 1168 2526 1324 2608; x_wconf 87' lang='lat' dir='ltr'>fibrosas</span> <span class='ocrx_word' id='word_1_52' title='bbox 1352 2545 1435 2606; x_wconf 85' lang='lat' dir='ltr'>tam</span> <span class='ocrx_word' id='word_1_53' title='bbox 1463 2527 1599 2608; x_wconf 83' lang='lat' dir='ltr'>subtus</span> <span class='ocrx_word' id='word_1_54' title='bbox 1625 2524 1748 2636; x_wconf 75' lang='lat' dir='ltr'>quim</span> <span class='ocrx_word' id='word_1_55' title='bbox 1776 2527 2048 2636; x_wconf 88' lang='lat' dir='ltr'>superterram</span> <span class='ocrx_word' id='word_1_56' title='bbox 2076 2523 2195 2635; x_wconf 69' lang='lat' dir='ltr'>longe</span> <span class='ocrx_word' id='word_1_57' title='bbox 2224 2520 2323 2606; x_wconf 72' lang='grc'><strong>1016-</strong></span> 
     </span>
     <span class='ocr_line' id='line_1_9' title="bbox 671 2635 1950 2748; baseline 0.002 -33"><span class='ocrx_word' id='word_1_58' title='bbox 671 2663 750 2745; x_wconf 91' lang='lat' dir='ltr'>que</span> <span class='ocrx_word' id='word_1_59' title='bbox 771 2635 1010 2734; x_wconf 87' lang='lat' dir='ltr'>diffundens,</span> <span class='ocrx_word' id='word_1_60' title='bbox 1038 2639 1186 2720; x_wconf 83' lang='lat' dir='ltr'>cortice</span> <span class='ocrx_word' id='word_1_61' title='bbox 1212 2639 1335 2722; x_wconf 74' lang='lat' dir='ltr'>latteo</span> <span class='ocrx_word' id='word_1_62' title='bbox 1357 2641 1428 2748; x_wconf 92' lang='lat' dir='ltr'>qui</span> <span class='ocrx_word' id='word_1_63' title='bbox 1455 2639 1599 2720; x_wconf 90' lang='lat' dir='ltr'>incisus</span> <span class='ocrx_word' id='word_1_64' title='bbox 1627 2641 1746 2718; x_wconf 88' lang='lat' dir='ltr'>etiam</span> <span class='ocrx_word' id='word_1_65' title='bbox 1768 2639 1950 2720; x_wconf 90' lang='lat' dir='ltr'>rubescit.</span> 
     </span>
    </p>
   </div>
   <div class='ocr_carea' id='block_1_6' title="bbox 666 2841 2322 3083">
    <p class='ocr_par' dir='ltr' id='par_1_6' title="bbox 666 2841 2322 3083">
     <span class='ocr_line' id='line_1_10' title="bbox 725 2841 2322 2974; baseline 0 -34"><span class='ocrx_word' id='word_1_66' title='bbox 725 2857 876 2942; x_wconf 82' lang='lat' dir='ltr'><em>Caudex</em></span> <span class='ocrx_word' id='word_1_67' title='bbox 905 2859 1060 2956; x_wconf 69' lang='lat' dir='ltr'>crassus,</span> <span class='ocrx_word' id='word_1_68' title='bbox 1090 2861 1260 2944; x_wconf 85' lang='lat' dir='ltr'>duorum</span> <span class='ocrx_word' id='word_1_69' title='bbox 1288 2841 1425 2974; x_wconf 77' lang='lat' dir='ltr'>passam</span> <span class='ocrx_word' id='word_1_70' title='bbox 1455 2860 1669 2942; x_wconf 88' lang='lat' dir='ltr'>hominum</span> <span class='ocrx_word' id='word_1_71' title='bbox 1703 2863 1932 2972; x_wconf 80' lang='lat' dir='ltr'>amplexum</span> <span class='ocrx_word' id='word_1_72' title='bbox 1963 2861 2116 2940; x_wconf 83' lang='lat' dir='ltr'>ambitu</span> <span class='ocrx_word' id='word_1_73' title='bbox 2152 2887 2322 2970; x_wconf 86' lang='lat' dir='ltr'>aequans,</span> 
     </span>
     <span class='ocr_line' id='line_1_11' title="bbox 666 2972 1914 3083; baseline 0.002 -33"><span class='ocrx_word' id='word_1_74' title='bbox 666 2975 815 3055; x_wconf 86' lang='lat' dir='ltr'>cortice</span> <span class='ocrx_word' id='word_1_75' title='bbox 841 2972 979 3068; x_wconf 63' lang='lat' dir='ltr'>lacteo,</span> <span class='ocrx_word' id='word_1_76' title='bbox 1005 2974 1076 3083; x_wconf 91' lang='lat' dir='ltr'>qui</span> <span class='ocrx_word' id='word_1_77' title='bbox 1098 2974 1288 3056; x_wconf 69' lang='lat' dir='ltr'>durateus</span> <span class='ocrx_word' id='word_1_78' title='bbox 1317 2975 1382 3055; x_wconf 86' lang='lat' dir='ltr'>seu</span> <span class='ocrx_word' id='word_1_79' title='bbox 1411 2973 1554 3056; x_wconf 89' lang='lat' dir='ltr'>incisus</span> <span class='ocrx_word' id='word_1_80' title='bbox 1583 2977 1702 3056; x_wconf 89' lang='lat' dir='ltr'>etiam</span> <span class='ocrx_word' id='word_1_81' title='bbox 1732 2974 1914 3056; x_wconf 81' lang='lat' dir='ltr'>rubescit:</span> 
     </span>
    </p>
   </div>
   <div class='ocr_carea' id='block_1_7' title="bbox 727 3196 1468 3309">
    <p class='ocr_par' dir='ltr' id='par_1_7' title="bbox 727 3196 1468 3309">
     <span class='ocr_line' id='line_1_12' title="bbox 727 3196 1468 3309; baseline 0.003 -30"><span class='ocrx_word' id='word_1_82' title='bbox 727 3196 879 3280; x_wconf 84' lang='lat' dir='ltr'><em>Surculi</em></span> <span class='ocrx_word' id='word_1_83' title='bbox 904 3196 1050 3279; x_wconf 89' lang='lat' dir='ltr'><strong>novelli</strong></span> <span class='ocrx_word' id='word_1_84' title='bbox 1073 3198 1213 3280; x_wconf 87' lang='lat' dir='ltr'>virides</span> <span class='ocrx_word' id='word_1_85' title='bbox 1234 3197 1468 3309; x_wconf 79' lang='lat' dir='ltr'>&#39;geniculati</span> 
     </span>
    </p>
   </div>
   <div class='ocr_carea' id='block_1_8' title="bbox 670 3416 2328 4189">
    <p class='ocr_par' dir='ltr' id='par_1_8' title="bbox 670 3416 2328 4189">
     <span class='ocr_line' id='line_1_13' title="bbox 726 3416 2326 3531; baseline -0.003 -28"><span class='ocrx_word' id='word_1_86' title='bbox 726 3420 834 3503; x_wconf 76' lang='lat' dir='ltr'>Folia</span> <span class='ocrx_word' id='word_1_87' title='bbox 874 3449 962 3531; x_wconf 90' lang='lat' dir='ltr'>quae</span> <span class='ocrx_word' id='word_1_88' title='bbox 999 3420 1144 3531; x_wconf 81' lang='lat' dir='ltr'>longis,</span> <span class='ocrx_word' id='word_1_89' title='bbox 1190 3421 1390 3517; x_wconf 81' lang='lat' dir='ltr'>tenuibus,</span> <span class='ocrx_word' id='word_1_90' title='bbox 1421 3422 1614 3516; x_wconf 84' lang='lat' dir='ltr'>rotundis,</span> <span class='ocrx_word' id='word_1_91' title='bbox 1658 3449 1702 3501; x_wconf 89' lang='lat' dir='ltr'>ac</span> <span class='ocrx_word' id='word_1_92' title='bbox 1741 3419 2140 3501; x_wconf 87' lang='lat' dir='ltr'>viridi-albicantibus</span> <span class='ocrx_word' id='word_1_93' title='bbox 2169 3416 2326 3529; x_wconf 87' lang='lat' dir='ltr'>petiolis</span> 
     </span>
     <span class='ocr_line' id='line_1_14' title="bbox 670 3529 2324 3641; baseline -0.002 -31"><span class='ocrx_word' id='word_1_94' title='bbox 670 3531 892 3641; x_wconf 89' lang='lat' dir='ltr'>appendent</span> <span class='ocrx_word' id='word_1_95' title='bbox 918 3532 1047 3612; x_wconf 88' lang='lat' dir='ltr'>forma</span> <span class='ocrx_word' id='word_1_96' title='bbox 1071 3533 1198 3611; x_wconf 91' lang='lat' dir='ltr'>cordis</span> <span class='ocrx_word' id='word_1_97' title='bbox 1228 3531 1408 3626; x_wconf 90' lang='lat' dir='ltr'>humani,</span> <span class='ocrx_word' id='word_1_98' title='bbox 1438 3532 1606 3613; x_wconf 76' lang='lat' dir='ltr'>anterius</span> <span class='ocrx_word' id='word_1_99' title='bbox 1640 3532 1797 3641; x_wconf 87' lang='lat' dir='ltr'>angusta</span> <span class='ocrx_word' id='word_1_100' title='bbox 1823 3560 1866 3611; x_wconf 94' lang='lat' dir='ltr'>ac</span> <span class='ocrx_word' id='word_1_101' title='bbox 1900 3532 2015 3640; x_wconf 84' lang='lat' dir='ltr'>longa</span> <span class='ocrx_word' id='word_1_102' title='bbox 2044 3529 2217 3611; x_wconf 89' lang='lat' dir='ltr'>lanceola</span> <span class='ocrx_word' id='word_1_103' title='bbox 2235 3529 2324 3609; x_wconf 88' lang='lat' dir='ltr'>cus-</span> 
     </span>
     <span class='ocr_line' id='line_1_15' title="bbox 671 3642 2327 3756; baseline 0 -36"><span class='ocrx_word' id='word_1_104' title='bbox 671 3642 815 3752; x_wconf 87' lang='lat' dir='ltr'>pidata,</span> <span class='ocrx_word' id='word_1_105' title='bbox 844 3668 932 3751; x_wconf 83' lang='lat' dir='ltr'>quae</span> <span class='ocrx_word' id='word_1_106' title='bbox 965 3642 1170 3723; x_wconf 86' lang='lat' dir='ltr'>vetustiora</span> <span class='ocrx_word' id='word_1_107' title='bbox 1207 3642 1354 3754; x_wconf 90' lang='lat' dir='ltr'>postica</span> <span class='ocrx_word' id='word_1_108' title='bbox 1387 3661 1497 3753; x_wconf 89' lang='lat' dir='ltr'>parte</span> <span class='ocrx_word' id='word_1_109' title='bbox 1535 3644 1582 3723; x_wconf 89' lang='lat' dir='ltr'>ad</span> <span class='ocrx_word' id='word_1_110' title='bbox 1615 3644 1808 3756; x_wconf 90' lang='lat' dir='ltr'>petiolum</span> <span class='ocrx_word' id='word_1_111' title='bbox 1851 3643 2078 3724; x_wconf 76' lang='lat' dir='ltr'>rectioribus</span> <span class='ocrx_word' id='word_1_112' title='bbox 2116 3642 2209 3737; x_wconf 92' lang='lat' dir='ltr'>oris,</span> <span class='ocrx_word' id='word_1_113' title='bbox 2238 3669 2327 3751; x_wconf 87' lang='lat' dir='ltr'>quae</span> 
     </span>
     <span class='ocr_line' id='line_1_16' title="bbox 671 3753 2326 3866; baseline 0.001 -35"><span class='ocrx_word' id='word_1_114' title='bbox 671 3754 861 3833; x_wconf 84' lang='lat' dir='ltr'>teneriora</span> <span class='ocrx_word' id='word_1_115' title='bbox 898 3753 1192 3836; x_wconf 85' lang='lat' dir='ltr'>rotundioribus</span> <span class='ocrx_word' id='word_1_116' title='bbox 1221 3755 1528 3866; x_wconf 89' lang='lat' dir='ltr'>circumscripta,</span> <span class='ocrx_word' id='word_1_117' title='bbox 1558 3759 1734 3865; x_wconf 88' lang='lat' dir='ltr'>margine</span> <span class='ocrx_word' id='word_1_118' title='bbox 1767 3774 1854 3835; x_wconf 89' lang='lat' dir='ltr'>tum</span> <span class='ocrx_word' id='word_1_119' title='bbox 1884 3755 2065 3864; x_wconf 86' lang='lat' dir='ltr'>aequabili</span> <span class='ocrx_word' id='word_1_120' title='bbox 2086 3764 2176 3833; x_wconf 84' lang='lat' dir='ltr'>&#39;turn</span> <span class='ocrx_word' id='word_1_121' title='bbox 2201 3755 2242 3833; x_wconf 94' lang='lat' dir='ltr'>in</span> <span class='ocrx_word' id='word_1_122' title='bbox 2263 3782 2326 3833; x_wconf 90' lang='lat' dir='ltr'>ar·</span> 
     </span>
     <span class='ocr_line' id='line_1_17' title="bbox 670 3864 2326 3975; baseline -0.001 -30"><span class='ocrx_word' id='word_1_123' title='bbox 670 3891 740 3945; x_wconf 93' lang='lat' dir='ltr'>cus</span> <span class='ocrx_word' id='word_1_124' title='bbox 765 3864 915 3945; x_wconf 86' lang='lat' dir='ltr'>finnato</span> <span class='ocrx_word' id='word_1_125' title='bbox 927 3902 943 3961; x_wconf 77' lang='lat'><em>3</em></span> <span class='ocrx_word' id='word_1_126' title='bbox 974 3866 1141 3975; x_wconf 89' lang='lat' dir='ltr'>suntque</span> <span class='ocrx_word' id='word_1_127' title='bbox 1170 3867 1289 3947; x_wconf 89' lang='lat' dir='ltr'>solida</span> <span class='ocrx_word' id='word_1_128' title='bbox 1317 3894 1361 3947; x_wconf 92' lang='lat' dir='ltr'>ac</span> <span class='ocrx_word' id='word_1_129' title='bbox 1389 3869 1517 3969; x_wconf 83' lang='lat' dir='ltr'>densa,</span> <span class='ocrx_word' id='word_1_130' title='bbox 1545 3866 1752 3975; x_wconf 88' lang='lat' dir='ltr'>minusque</span> <span class='ocrx_word' id='word_1_131' title='bbox 1788 3866 1915 3961; x_wconf 86' lang='lat' dir='ltr'>crassa,</span> <span class='ocrx_word' id='word_1_132' title='bbox 1947 3864 2068 3975; x_wconf 68' lang='lat' dir='ltr'>qubm</span> <span class='ocrx_word' id='word_1_133' title='bbox 2095 3866 2165 3945; x_wconf 89' lang='lat' dir='ltr'>illa</span> <span class='ocrx_word' id='word_1_134' title='bbox 2187 3866 2326 3945; x_wconf 86' lang='lat' dir='ltr'>secun-</span> 
     </span>
     <span class='ocr_line' id='line_1_18' title="bbox 670 3975 2328 4088; baseline 0 -33"><span class='ocrx_word' id='word_1_135' title='bbox 670 3976 732 4055; x_wconf 83' lang='lat' dir='ltr'>dae</span> <span class='ocrx_word' id='word_1_136' title='bbox 758 3975 911 4087; x_wconf 89' lang='lat' dir='ltr'>speciei,</span> <span class='ocrx_word' id='word_1_137' title='bbox 940 3976 1044 4057; x_wconf 89' lang='lat' dir='ltr'>lenia</span> <span class='ocrx_word' id='word_1_138' title='bbox 1070 3981 1110 4059; x_wconf 76' lang='lat' dir='ltr'>dc</span> <span class='ocrx_word' id='word_1_139' title='bbox 1138 3979 1276 4059; x_wconf 89' lang='lat' dir='ltr'>mollia</span> <span class='ocrx_word' id='word_1_140' title='bbox 1287 4017 1302 4072; x_wconf 64' lang='grc' dir='ltr'><strong>ς</strong></span> <span class='ocrx_word' id='word_1_141' title='bbox 1344 3998 1382 4057; x_wconf 87' lang='lat' dir='ltr'>at</span> <span class='ocrx_word' id='word_1_142' title='bbox 1423 4005 1510 4088; x_wconf 84' lang='lat' dir='ltr'>quae</span> <span class='ocrx_word' id='word_1_143' title='bbox 1538 3979 1744 4060; x_wconf 87' lang='lat' dir='ltr'>vetustiora</span> <span class='ocrx_word' id='word_1_144' title='bbox 1779 3979 1882 4072; x_wconf 91' lang='lat' dir='ltr'>sunt,</span> <span class='ocrx_word' id='word_1_145' title='bbox 1915 3977 2050 4087; x_wconf 87' lang='lat' dir='ltr'>rigida,</span> <span class='ocrx_word' id='word_1_146' title='bbox 2082 3978 2122 4057; x_wconf 93' lang='lat' dir='ltr'>in</span> <span class='ocrx_word' id='word_1_147' title='bbox 2152 3978 2328 4058; x_wconf 83' lang='lat' dir='ltr'>interiori</span> 
     </span>
     <span class='ocr_line' id='line_1_19' title="bbox 673 4086 1653 4189; baseline 0.008 -23"><span class='ocrx_word' id='word_1_148' title='bbox 673 4086 790 4169; x_wconf 86' lang='lat' dir='ltr'>latere</span> <span class='ocrx_word' id='word_1_149' title='bbox 807 4088 934 4189; x_wconf 88' lang='lat' dir='ltr'>virore</span> <span class='ocrx_word' id='word_1_150' title='bbox 955 4090 1105 4170; x_wconf 87' lang='lat' dir='ltr'>nitente</span> <span class='ocrx_word' id='word_1_151' title='bbox 1123 4093 1164 4171; x_wconf 85' lang='lat'>&amp;</span> <span class='ocrx_word' id='word_1_152' title='bbox 1182 4088 1307 4186; x_wconf 92' lang='lat' dir='ltr'>fusco,</span> <span class='ocrx_word' id='word_1_153' title='bbox 1338 4086 1504 4172; x_wconf 76' lang='lat' dir='ltr'>exterius</span> <span class='ocrx_word' id='word_1_154' title='bbox 1533 4090 1653 4174; x_wconf 88' lang='lat' dir='ltr'>claro.</span> 
     </span>
    </p>
   </div>
   <div class='ocr_carea' id='block_1_9' title="bbox 671 4310 2453 4981">
    <p class='ocr_par' dir='ltr' id='par_1_9' title="bbox 671 4310 2453 4981">
     <span class='ocr_line' id='line_1_20' title="bbox 729 4310 2453 4424; baseline -0.002 -31"><span class='ocrx_word' id='word_1_155' title='bbox 729 4312 795 4399; x_wconf 82' lang='lat' dir='ltr'>Ex</span> <span class='ocrx_word' id='word_1_156' title='bbox 826 4312 931 4393; x_wconf 88' lang='lat' dir='ltr'>costa</span> <span class='ocrx_word' id='word_1_157' title='bbox 961 4312 1005 4393; x_wconf 91' lang='lat' dir='ltr'>in</span> <span class='ocrx_word' id='word_1_158' title='bbox 1033 4331 1196 4422; x_wconf 87' lang='lat' dir='ltr'>utraque</span> <span class='ocrx_word' id='word_1_159' title='bbox 1228 4331 1335 4424; x_wconf 87' lang='lat' dir='ltr'>parte</span> <span class='ocrx_word' id='word_1_160' title='bbox 1362 4315 1561 4395; x_wconf 81' lang='lat' dir='ltr'>eminente</span> <span class='ocrx_word' id='word_1_161' title='bbox 1591 4314 1740 4424; x_wconf 81' lang='lat' dir='ltr'>Coslulae</span> <span class='ocrx_word' id='word_1_162' title='bbox 1770 4311 1983 4394; x_wconf 78' lang='lat' dir='ltr'>transversa</span> <span class='ocrx_word' id='word_1_163' title='bbox 1999 4312 2107 4399; x_wconf 72' lang='lat' dir='ltr'>¹nesio</span> <span class='ocrx_word' id='word_1_164' title='bbox 2137 4310 2330 4393; x_wconf 84' lang='lat' dir='ltr'>&amp;ferme</span> <span class='ocrx_word' id='word_1_165' title='bbox 2448 4318 2453 4335; x_wconf 74' lang='lat'><strong>¹</strong></span> 
     </span>
     <span class='ocr_line' id='line_1_21' title="bbox 671 4421 2392 4535; baseline 0.002 -34"><span class='ocrx_word' id='word_1_166' title='bbox 671 4421 858 4533; x_wconf 82' lang='lat' dir='ltr'>parallelo</span> <span class='ocrx_word' id='word_1_167' title='bbox 876 4422 997 4503; x_wconf 79' lang='lat' dir='ltr'>ductu</span> <span class='ocrx_word' id='word_1_168' title='bbox 1022 4428 1210 4505; x_wconf 85' lang='lat' dir='ltr'>anteriora</span> <span class='ocrx_word' id='word_1_169' title='bbox 1228 4426 1356 4505; x_wconf 88' lang='lat' dir='ltr'>versus</span> <span class='ocrx_word' id='word_1_170' title='bbox 1375 4423 1540 4534; x_wconf 75' lang='lat' dir='ltr'>oblique</span> <span class='ocrx_word' id='word_1_171' title='bbox 1567 4444 1711 4505; x_wconf 89' lang='lat' dir='ltr'>exeunt</span> <span class='ocrx_word' id='word_1_172' title='bbox 1730 4425 1778 4505; x_wconf 91' lang='lat' dir='ltr'>ad</span> <span class='ocrx_word' id='word_1_173' title='bbox 1797 4427 2014 4535; x_wconf 86' lang='lat' dir='ltr'>marginem</span> <span class='ocrx_word' id='word_1_174' title='bbox 2032 4422 2211 4535; x_wconf 75' lang='lat' dir='ltr'>proxime</span> <span class='ocrx_word' id='word_1_175' title='bbox 2229 4454 2324 4535; x_wconf 91' lang='lat' dir='ltr'>pro·</span> <span class='ocrx_word' id='word_1_176' title='bbox 2385 4436 2392 4455; x_wconf 88' lang='lat'><em>&#39;</em></span> 
     </span>
     <span class='ocr_line' id='line_1_22' title="bbox 671 4534 2330 4648; baseline 0.002 -33"><span class='ocrx_word' id='word_1_177' title='bbox 671 4534 903 4645; x_wconf 84' lang='lat' dir='ltr'>gredientes,</span> <span class='ocrx_word' id='word_1_178' title='bbox 934 4535 1005 4615; x_wconf 91' lang='lat' dir='ltr'>ubi</span> <span class='ocrx_word' id='word_1_179' title='bbox 1023 4536 1190 4617; x_wconf 87' lang='lat' dir='ltr'>arcubus</span> <span class='ocrx_word' id='word_1_180' title='bbox 1222 4536 1465 4636; x_wconf 81' lang='lat' dir='ltr'>rotundis&amp;</span> <span class='ocrx_word' id='word_1_181' title='bbox 1488 4537 1733 4648; x_wconf 89' lang='lat' dir='ltr'>fimplicibus</span> <span class='ocrx_word' id='word_1_182' title='bbox 1761 4538 1803 4638; x_wconf 79' lang='lat' dir='ltr'>in</span> <span class='ocrx_word' id='word_1_183' title='bbox 1832 4538 1868 4617; x_wconf 92' lang='lat' dir='ltr'>se</span> <span class='ocrx_word' id='word_1_184' title='bbox 1892 4537 2062 4616; x_wconf 89' lang='lat' dir='ltr'>invicem</span> <span class='ocrx_word' id='word_1_185' title='bbox 2089 4552 2330 4618; x_wconf 87' lang='lat' dir='ltr'>concurrunt</span> 
     </span>
     <span class='ocr_line' id='line_1_23' title="bbox 672 4644 2326 4758; baseline 0.001 -33"><span class='ocrx_word' id='word_1_186' title='bbox 672 4648 715 4726; x_wconf 91' lang='lat' dir='ltr'>in</span> <span class='ocrx_word' id='word_1_187' title='bbox 735 4649 836 4728; x_wconf 68' lang='lat' dir='ltr'>reesa</span> <span class='ocrx_word' id='word_1_188' title='bbox 861 4666 970 4757; x_wconf 90' lang='lat' dir='ltr'>parte</span> <span class='ocrx_word' id='word_1_189' title='bbox 988 4646 1161 4728; x_wconf 73' lang='lat' dir='ltr'>maxime</span> <span class='ocrx_word' id='word_1_190' title='bbox 1186 4644 1416 4742; x_wconf 83' lang='lat' dir='ltr'>eminentes,</span> <span class='ocrx_word' id='word_1_191' title='bbox 1445 4650 1550 4728; x_wconf 92' lang='lat' dir='ltr'>acin</span> <span class='ocrx_word' id='word_1_192' title='bbox 1583 4650 1733 4729; x_wconf 88' lang='lat' dir='ltr'>adversa</span> <span class='ocrx_word' id='word_1_193' title='bbox 1757 4650 1799 4728; x_wconf 92' lang='lat' dir='ltr'>in</span> <span class='ocrx_word' id='word_1_194' title='bbox 1820 4649 2051 4758; x_wconf 90' lang='lat' dir='ltr'>quibusdam</span> <span class='ocrx_word' id='word_1_195' title='bbox 2071 4648 2198 4727; x_wconf 91' lang='lat' dir='ltr'>solum</span> <span class='ocrx_word' id='word_1_196' title='bbox 2227 4674 2326 4728; x_wconf 93' lang='lat' dir='ltr'>con-</span> 
     </span>
     <span class='ocr_line' id='line_1_24' title="bbox 673 4758 2328 4869; baseline -0.002 -33"><span class='ocrx_word' id='word_1_197' title='bbox 673 4758 829 4867; x_wconf 72' lang='lat' dir='ltr'>spicuae,</span> <span class='ocrx_word' id='word_1_198' title='bbox 859 4761 901 4839; x_wconf 91' lang='lat' dir='ltr'>in</span> <span class='ocrx_word' id='word_1_199' title='bbox 930 4760 1165 4869; x_wconf 90' lang='lat' dir='ltr'>quibusdam</span> <span class='ocrx_word' id='word_1_200' title='bbox 1190 4760 1280 4840; x_wconf 84' lang='lat' dir='ltr'>verb</span> <span class='ocrx_word' id='word_1_201' title='bbox 1311 4762 1479 4840; x_wconf 88' lang='lat' dir='ltr'>tenuiter</span> <span class='ocrx_word' id='word_1_202' title='bbox 1510 4762 1742 4855; x_wconf 86' lang='lat' dir='ltr'>eminentes,</span> <span class='ocrx_word' id='word_1_203' title='bbox 1771 4762 1873 4840; x_wconf 87' lang='lat' dir='ltr'>inter</span> <span class='ocrx_word' id='word_1_204' title='bbox 1905 4758 2015 4839; x_wconf 88' lang='lat' dir='ltr'>hasce</span> <span class='ocrx_word' id='word_1_205' title='bbox 2046 4758 2165 4838; x_wconf 90' lang='lat' dir='ltr'>costas</span> <span class='ocrx_word' id='word_1_206' title='bbox 2196 4760 2238 4838; x_wconf 90' lang='lat' dir='ltr'>in</span> <span class='ocrx_word' id='word_1_207' title='bbox 2262 4760 2328 4836; x_wconf 63' lang='lat' dir='ltr'>in»</span> 
     </span>
     <span class='ocr_line' id='line_1_25' title="bbox 673 4868 2329 4981; baseline -0.001 -33"><span class='ocrx_word' id='word_1_208' title='bbox 673 4870 806 4948; x_wconf 88' lang='lat' dir='ltr'>teriori</span> <span class='ocrx_word' id='word_1_209' title='bbox 834 4889 942 4978; x_wconf 90' lang='lat' dir='ltr'>parte</span> <span class='ocrx_word' id='word_1_210' title='bbox 978 4872 1142 4981; x_wconf 90' lang='lat' dir='ltr'>plurimi</span> <span class='ocrx_word' id='word_1_211' title='bbox 1178 4890 1352 4953; x_wconf 84' lang='lat' dir='ltr'>extantes</span> <span class='ocrx_word' id='word_1_212' title='bbox 1390 4872 1542 4950; x_wconf 89' lang='lat' dir='ltr'>nervuli</span> <span class='ocrx_word' id='word_1_213' title='bbox 1570 4873 1816 4951; x_wconf 90' lang='lat' dir='ltr'>cancellatim</span> <span class='ocrx_word' id='word_1_214' title='bbox 1856 4872 2054 4952; x_wconf 86' lang='lat' dir='ltr'>intertexti</span> <span class='ocrx_word' id='word_1_215' title='bbox 2087 4868 2182 4950; x_wconf 88' lang='lat' dir='ltr'>folia</span> <span class='ocrx_word' id='word_1_216' title='bbox 2210 4872 2251 4949; x_wconf 92' lang='lat' dir='ltr'>in</span> <span class='ocrx_word' id='word_1_217' title='bbox 2285 4896 2329 4947; x_wconf 91' lang='lat' dir='ltr'>ea</span> 
     </span>
    </p>
   </div>
   <div class='ocr_carea' id='block_1_10' title="bbox 531 4980 2330 5088">
    <p class='ocr_par' dir='ltr' id='par_1_10' title="bbox 531 4980 2330 5088">
     <span class='ocr_line' id='line_1_26' title="bbox 531 4980 2330 5088; baseline 0.001 -30"><span class='ocrx_word' id='word_1_218' title='bbox 531 4992 538 5005; x_wconf 90' lang='lat'><strong><em>‘</em></strong></span> <span class='ocrx_word' id='word_1_219' title='bbox 675 4998 783 5088; x_wconf 88' lang='lat' dir='ltr'>parte</span> <span class='ocrx_word' id='word_1_220' title='bbox 810 4980 940 5060; x_wconf 87' lang='lat' dir='ltr'>scabra</span> <span class='ocrx_word' id='word_1_221' title='bbox 971 4982 1185 5077; x_wconf 87' lang='lat' dir='ltr'>reddentes,</span> <span class='ocrx_word' id='word_1_222' title='bbox 1216 5011 1259 5063; x_wconf 89' lang='lat' dir='ltr'>ac</span> <span class='ocrx_word' id='word_1_223' title='bbox 1284 4986 1327 5063; x_wconf 93' lang='lat' dir='ltr'>in</span> <span class='ocrx_word' id='word_1_224' title='bbox 1355 4982 1505 5063; x_wconf 88' lang='lat' dir='ltr'>adversa</span> <span class='ocrx_word' id='word_1_225' title='bbox 1532 4984 1647 5063; x_wconf 90' lang='lat' dir='ltr'>instar</span> <span class='ocrx_word' id='word_1_226' title='bbox 1674 5010 1861 5065; x_wconf 89' lang='lat' dir='ltr'>venarum</span> <span class='ocrx_word' id='word_1_227' title='bbox 1894 4984 1994 5062; x_wconf 90' lang='lat' dir='ltr'>intra</span> <span class='ocrx_word' id='word_1_228' title='bbox 2030 4982 2173 5061; x_wconf 87' lang='lat' dir='ltr'>solium</span> <span class='ocrx_word' id='word_1_229' title='bbox 2201 4981 2330 5061; x_wconf 88' lang='lat' dir='ltr'>solum</span> 
     </span>
    </p>
   </div>
   <div class='ocr_carea' id='block_1_11' title="bbox 675 5088 2330 5321">
    <p class='ocr_par' dir='ltr' id='par_1_11' title="bbox 675 5088 2330 5321">
     <span class='ocr_line' id='line_1_27' title="bbox 676 5088 2330 5205; baseline 0 -35"><span class='ocrx_word' id='word_1_230' title='bbox 676 5088 877 5197; x_wconf 88' lang='lat' dir='ltr'>conspicui</span> <span class='ocrx_word' id='word_1_231' title='bbox 897 5118 992 5171; x_wconf 89' lang='lat' dir='ltr'>cum</span> <span class='ocrx_word' id='word_1_232' title='bbox 1011 5093 1193 5203; x_wconf 89' lang='lat' dir='ltr'>plurimis</span> <span class='ocrx_word' id='word_1_233' title='bbox 1220 5094 1305 5173; x_wconf 88' lang='lat' dir='ltr'>aliis</span> <span class='ocrx_word' id='word_1_234' title='bbox 1331 5094 1544 5176; x_wconf 76' lang='lat' dir='ltr'>numerosis</span> <span class='ocrx_word' id='word_1_235' title='bbox 1562 5094 1740 5176; x_wconf 83' lang='lat' dir='ltr'>venulis:</span> <span class='ocrx_word' id='word_1_236' title='bbox 1772 5094 1940 5203; x_wconf 90' lang='lat' dir='ltr'>suntque</span> <span class='ocrx_word' id='word_1_237' title='bbox 1959 5094 2055 5174; x_wconf 86' lang='lat' dir='ltr'>solia</span> <span class='ocrx_word' id='word_1_238' title='bbox 2084 5093 2125 5173; x_wconf 92' lang='lat' dir='ltr'>in</span> <span class='ocrx_word' id='word_1_239' title='bbox 2154 5092 2330 5205; x_wconf 85' lang='lat' dir='ltr'>margine</span> 
     </span>
     <span class='ocr_line' id='line_1_28' title="bbox 675 5200 1525 5321; baseline 0.006 -40"><span class='ocrx_word' id='word_1_240' title='bbox 675 5200 839 5283; x_wconf 90' lang='lat' dir='ltr'>nervulo</span> <span class='ocrx_word' id='word_1_241' title='bbox 859 5204 967 5283; x_wconf 83' lang='lat' dir='ltr'>tenui</span> <span class='ocrx_word' id='word_1_242' title='bbox 986 5207 1026 5285; x_wconf 84' lang='lat'>&amp;</span> <span class='ocrx_word' id='word_1_243' title='bbox 1050 5203 1244 5285; x_wconf 89' lang='lat' dir='ltr'>albicante</span> <span class='ocrx_word' id='word_1_244' title='bbox 1271 5203 1525 5321; x_wconf 82' lang='lat' dir='ltr'>circumdata.</span> 
     </span>
    </p>
   </div>
   <div class='ocr_carea' id='block_1_12' title="bbox 675 5406 2391 5624">
    <p class='ocr_par' dir='ltr' id='par_1_12' title="bbox 675 5406 2391 5624">
     <span class='ocr_line' id='line_1_29' title="bbox 732 5406 2391 5539; baseline 0.001 -34"><span class='ocrx_word' id='word_1_245' title='bbox 732 5424 780 5505; x_wconf 93' lang='lat' dir='ltr'>In</span> <span class='ocrx_word' id='word_1_246' title='bbox 817 5425 960 5507; x_wconf 87' lang='lat' dir='ltr'>vertice</span> <span class='ocrx_word' id='word_1_247' title='bbox 987 5426 1232 5538; x_wconf 83' lang='lat' dir='ltr'>surculorum</span> <span class='ocrx_word' id='word_1_248' title='bbox 1266 5406 1386 5512; x_wconf 69' lang='lat' dir='ltr'>Caicus</span> <span class='ocrx_word' id='word_1_249' title='bbox 1411 5430 1622 5539; x_wconf 87' lang='lat' dir='ltr'>oblongus,</span> <span class='ocrx_word' id='word_1_250' title='bbox 1653 5428 1800 5526; x_wconf 91' lang='lat' dir='ltr'>viridis,</span> <span class='ocrx_word' id='word_1_251' title='bbox 1831 5430 1933 5511; x_wconf 89' lang='lat' dir='ltr'>inter</span> <span class='ocrx_word' id='word_1_252' title='bbox 1965 5430 2100 5510; x_wconf 88' lang='lat' dir='ltr'>foliosa</span> <span class='ocrx_word' id='word_1_253' title='bbox 2132 5428 2331 5509; x_wconf 90' lang='lat' dir='ltr'>involucra</span> <span class='ocrx_word' id='word_1_254' title='bbox 2387 5486 2391 5494; x_wconf 80' lang='lat'>-</span> 
     </span>
     <span class='ocr_line' id='line_1_30' title="bbox 675 5535 1601 5624; baseline 0.008 -9"><span class='ocrx_word' id='word_1_255' title='bbox 675 5535 812 5619; x_wconf 84' lang='lat' dir='ltr'>viridia</span> <span class='ocrx_word' id='word_1_256' title='bbox 825 5535 921 5618; x_wconf 87' lang='lat' dir='ltr'>folia</span> <span class='ocrx_word' id='word_1_257' title='bbox 939 5539 1081 5621; x_wconf 91' lang='lat' dir='ltr'>tenella</span> <span class='ocrx_word' id='word_1_258' title='bbox 1097 5540 1359 5623; x_wconf 87' lang='lat' dir='ltr'>viridi-diluta</span> <span class='ocrx_word' id='word_1_259' title='bbox 1374 5542 1601 5624; x_wconf 87' lang='lat' dir='ltr'>recondens.</span> 
     </span>
    </p>
   </div>
   <div class='ocr_carea' id='block_1_13' title="bbox 675 5746 2331 6095">
    <p class='ocr_par' dir='ltr' id='par_1_13' title="bbox 675 5746 2331 6095">
     <span class='ocr_line' id='line_1_31' title="bbox 734 5746 2331 5877; baseline -0.001 -35"><span class='ocrx_word' id='word_1_260' title='bbox 734 5746 899 5843; x_wconf 70' lang='lat' dir='ltr'>Fruclus</span> <span class='ocrx_word' id='word_1_261' title='bbox 922 5746 1038 5846; x_wconf 82' lang='lat' dir='ltr'>ramis</span> <span class='ocrx_word' id='word_1_262' title='bbox 1063 5765 1302 5876; x_wconf 88' lang='lat' dir='ltr'>surculisque</span> <span class='ocrx_word' id='word_1_263' title='bbox 1334 5766 1448 5877; x_wconf 90' lang='lat' dir='ltr'>supra</span> <span class='ocrx_word' id='word_1_264' title='bbox 1471 5766 1519 5847; x_wconf 91' lang='lat' dir='ltr'>ad</span> <span class='ocrx_word' id='word_1_265' title='bbox 1551 5782 1733 5847; x_wconf 87' lang='lat' dir='ltr'>exortum</span> <span class='ocrx_word' id='word_1_266' title='bbox 1762 5762 1951 5845; x_wconf 91' lang='lat' dir='ltr'>foliorum</span> <span class='ocrx_word' id='word_1_267' title='bbox 1989 5766 2029 5842; x_wconf 92' lang='lat' dir='ltr'>in</span> <span class='ocrx_word' id='word_1_268' title='bbox 2061 5762 2215 5842; x_wconf 89' lang='lat' dir='ltr'>nodulis</span> <span class='ocrx_word' id='word_1_269' title='bbox 2246 5762 2331 5841; x_wconf 93' lang='lat' dir='ltr'>bini</span> 
     </span>
     <span class='ocr_line' id='line_1_32' title="bbox 675 5868 2330 6069; baseline 0 -117"><span class='ocrx_word' id='word_1_270' title='bbox 675 5868 719 5952; x_wconf 76' lang='lat' dir='ltr'>er</span> <span class='ocrx_word' id='word_1_271' title='bbox 747 5870 832 5963; x_wconf 87' lang='lat' dir='ltr'>bini</span> <span class='ocrx_word' id='word_1_272' title='bbox 857 5876 989 5981; x_wconf 67' lang='lat' dir='ltr'>jundi</span> <span class='ocrx_word' id='word_1_273' title='bbox 1012 5880 1053 5961; x_wconf 78' lang='lat' dir='ltr'>dc</span> <span class='ocrx_word' id='word_1_274' title='bbox 1091 5880 1194 5964; x_wconf 88' lang='lat' dir='ltr'>uniti</span> <span class='ocrx_word' id='word_1_275' title='bbox 1218 5875 1320 5965; x_wconf 62' lang='lat' dir='ltr'>arsis</span> <span class='ocrx_word' id='word_1_276' title='bbox 1352 5880 1532 5980; x_wconf 80' lang='lat' dir='ltr'>infident,</span> <span class='ocrx_word' id='word_1_277' title='bbox 1563 5878 1729 5991; x_wconf 89' lang='lat' dir='ltr'>suntque</span> <span class='ocrx_word' id='word_1_278' title='bbox 1758 5878 1818 5959; x_wconf 88' lang='lat' dir='ltr'>uti</span> <span class='ocrx_word' id='word_1_279' title='bbox 1854 5875 1915 5957; x_wconf 93' lang='lat' dir='ltr'>illi</span> <span class='ocrx_word' id='word_1_280' title='bbox 1941 5878 2124 5987; x_wconf 57' lang='lat' dir='ltr'>JttyeAlu</span> <span class='ocrx_word' id='word_1_281' title='bbox 2152 5875 2258 5985; x_wconf 90' lang='lat' dir='ltr'>parvi</span> <span class='ocrx_word' id='word_1_282' title='bbox 2276 5881 2330 6069; x_wconf 53' lang='grc' dir='ltr'>ἕο</span> 
     </span>
     <span class='ocr_line' id='line_1_33' title="bbox 846 6005 2330 6095; baseline 0.001 -27"><span class='ocrx_word' id='word_1_283' title='bbox 846 6008 875 6095; x_wconf 80' lang='lat'>4</span> <span class='ocrx_word' id='word_1_284' title='bbox 2157 6005 2272 6071; x_wconf 89' lang='lat' dir='ltr'>rotun</span> <span class='ocrx_word' id='word_1_285' title='bbox 2316 6042 2330 6081; x_wconf 88' lang='lat'>,</span> 
     </span>
    </p>
   </div>
   <div class='ocr_carea' id='block_1_14' title="bbox 0 0 3069 6948">
    <p class='ocr_par' dir='ltr' id='par_1_14' title="bbox 0 0 3069 6948">
     <span class='ocr_line' id='line_1_34' title="bbox 0 0 3069 6948; baseline 0 0"><span class='ocrx_word' id='word_1_286' title='bbox 0 0 3069 6948; x_wconf 95' lang='lat' dir='ltr'> </span> 
     </span>
    </p>
   </div>
  </div>
 </body>
</html>
