6092 6950
998 879 1963 1023 Mntnankioua
2141 914 2339 1035 ¹107

822 1132 882 1251 a
1150 1134 1220 1252 A
1320 1251 1344 1308 ι,
1467 1135 1528 1252 a
1795 1133 1868 1254 rs
2110 1137 2187 1251 A.

945 1325 1430 1440 inuans
1533 1328 2083 1442 cassii..-

636 1685 875 1974 Clsrua,
905 1730 983 1812 alio
1012 1727 1173 1812 nomine
1191 1597 1378 1825 Bokana?
1389 1593 1750 1842 lingliraiiiinum
1769 1725 1895 1844 Τίφα),
1924 1727 1979 1812 est
1997 1728 2111 1810 arbor
2127 1727 2175 1810 ad
2195 1726 2333 1809 altitu·

770 1842 905 1923 dinem
923 1863 1091 1952 quatuor
1109 1841 1334 1951 quinqueve
1352 1839 1565 1924 hominum
1584 1843 1791 1954 assurgens.

732 2081 737 2090 .
829 2000 953 2082 Radix
971 2000 1099 2094 crassa,
1129 2002 1231 2080 resta
1248 2001 1285 2078 se
1314 2000 1357 2079 in
1387 2017 1527 2082 terram
1550 1999 1760 2079 demittens
1789 2023 1834 2076 ac
1852 1993 1948 2076 hinc
1967 1995 2058 2076 inde
2081 1992 2192 2074 fibris
2209 1992 2333 2074 trans·

632 2111 744 2191 versis
764 2114 800 2193 se
818 2113 992 2220 affigens,
1023 2113 1166 2192 cortice
1198 2111 1240 2188 in
1267 2111 1447 2191 exteriori
1466 2111 1590 2190 crusta
1617 2108 1898 2203 rufo-cinereo,
1929 2106 2000 2186 sub
2022 2107 2067 2186 eil
2092 2104 2331 2200 rubescente,

634 2221 704 2329 qui
737 2221 878 2302 fortem
910 2219 1235 2332 camphoraceum
1256 2221 1416 2302 odorem
1436 2221 1553 2332 spirat
1571 2216 1744 2327 maxime
1764 2220 1893 2312 tritus,
1923 2217 2034 2328 ligno
2052 2218 2106 2298 est
2124 2217 2238 2314 duro,
2268 2217 2332 2296 so-

631 2333 713 2411 lido
732 2335 771 2416 δε
789 2332 992 2427 albicante,
1023 2333 1152 2435 odoris
1181 2331 1343 2413 nullius.

688 2467 814 2548 Caralis
832 2468 983 2547 ambitu
1002 2467 1231 2578 amplexum
1252 2469 1366 2548 unius
1398 2461 1551 2546 brachii
1574 2463 1760 2575 implens,
1790 2461 2089 2573 diffundensque
2107 2463 2331 2548 numerosos

631 2604 758 2658 ramos
779 2581 819 2656 ὅσ
839 2577 1028 2673 surculos,
1055 2577 1187 2686 estque
1218 2607 1312 2660 cum
1346 2579 1462 2658 ramis
1496 2577 1642 2657 cortice
1671 2575 1828 2662 vestitus
1860 2577 1988 2669 viridi,
2017 2577 2090 2684 qui
2118 2577 2208 2655 dein
2238 2605 2336 2660 cum

630 2707 739 2768 aetate
758 2686 940 2782 rubescit,
969 2716 1013 2770 ac
1033 2716 1126 2768 cum
1147 2689 1331 2798 pellicula
1350 2689 1459 2768 tenui
1476 2687 1633 2796 lignum
1652 2687 1778 2767 ambit
1804 2689 1844 2766 δι
1863 2687 1988 2768 crusta
2005 2689 2158 2766 cinerea
2175 2687 2332 2768 obduc·
2400 2687 2404 2692 ’

631 2817 695 2878 tus
715 2798 782 2893 est,
813 2827 856 2878 ac
876 2799 988 2909 ligno
1006 2799 1117 2894 duro,
1144 2801 1275 2909 estque
1294 2801 1327 2880 is
1354 2818 1487 2880 cortex
1515 2797 1584 2877 suo
1601 2817 1775 2908 tempore
1794 2798 2017 2908 deglubitus
2036 2800 2076 2878 δι
2095 2799 2137 2876 in
2164 2798 2239 2878 sole
2258 2825 2332 2879 ex·

632 2912 793 2990 siccatus
815 2909 944 3019 ipsum
971 2912 1215 2994 Cinamamum
1225 2950 1238 3007 3
1269 2939 1406 2991 verum
1426 2908 1534 3019 quod
1566 2905 1633 2989 hlc
1660 2906 1841 3005 habetur,
1870 2909 2002 2990 minus
2022 2936 2108 2986 acre
2126 2910 2180 2988 est
2209 2908 2332 3018 quim

620 3021 730 3102 'illud
765 3021 960 3134 Celonerfi,
991 3049 1034 3104 ac
1070 3025 1176 3105 velut
1210 3023 1399 3134 sylvestre,
1430 3021 1575 3102 cortice
1611 3021 1724 3101 omni
1767 3049 1816 3103 ex
1850 3040 1958 3134 parte
1985 3019 2189 3130 deglubito
2216 3022 2331 3102 arbor
2432 3033 2436 3041 '

629 3150 832 3214 cmoritur.

684 3277 791 3363 Folia
805 3301 899 3356 cum
919 3269 1025 3368 bina,
1056 3289 1143 3354 tum
1158 3270 1323 3354 solitaria
1341 3269 1576 3382 proveniunt
1600 3272 1755 3382 petiolis
1781 3272 1902 3354 curtis
1921 3271 2045 3354 ferme
2063 3272 2327 3383 seniipollica·

628 3388 752 3482 ribus,
783 3386 978 3480 crassiolis,
1018 3386 1058 3464 br
1096 3386 1257 3466 interius
1291 3383 1367 3463 late
1400 3385 1553 3478 striatis,
1598 3385 1766 3491 suntque
1803 3382 1934 3464 forma
1965 3384 2331 3496 oblongo-rotunda

627 3498 875 3609 longitudine
895 3498 943 3575 ad
972 3496 1222 3575 latitudinem
1254 3493 1378 3575 ferme
1408 3495 1542 3604 dupla,
1573 3496 1615 3575 in
1640 3496 1863 3575 summitate
1881 3495 2092 3605 cuspidata,
2121 3496 2330 3576 latitudine

627 3612 858 3722 proximum
877 3606 925 3687 ad
944 3606 1122 3686 medium
1140 3634 1235 3687 cum
1263 3606 1415 3685 minora
1432 3608 1472 3686 δι
1492 3606 1682 3701 teneriora
1709 3606 1811 3701 sunt,
1840 3605 2020 3717 proxime
2048 3608 2175 3688 versus
2194 3609 2327 3721 petio*-

375 3749 382 3769 ¹
492 3712 499 3719 ’
627 3723 728 3815 lum,
759 3748 845 3831 quae
864 3718 1037 3798 maxima
1054 3716 1303 3826 longitudine
1321 3716 1437 3797 unius
1456 3716 1581 3799 ferme
1611 3714 1811 3827 spithamae
1844 3720 1884 3799 δι
1913 3718 2096 3829 amplius,
2127 3720 2327 3829 superficie

523 3928 526 3933 ¹
627 3834 756 3945 plana,
785 3832 828 3909 in
848 3829 924 3910 oris
943 3828 1135 3909 albicante
1153 3828 1295 3910 zonula
1311 3827 1374 3909 seu
1393 3828 1570 3923 nervulo,
1584 3857 1671 3938 quae
1689 3857 1738 3908 ex
1754 3829 1902 3939 petiolo
1919 3832 2088 3912 excurrit
2106 3831 2327 3941 praecincta,
2354 3895 2360 3908 ,

629 3944 763 4026 viroris
793 3944 833 4022 in
866 3944 966 4021 resta
992 3958 1099 4049 parte
1126 3942 1251 4049 vegeti
1280 3940 1320 4020 δι
1352 3940 1484 4035 vividi,
1514 3940 1557 4020 in
1585 3940 1736 4020 adversa
1762 3941 2043 4035 viridi-diluti3
2076 3970 2170 4022 cum
2196 3960 2327 4023 tenera

627 4060 730 4150 sunt,
760 4054 901 4135 coloris
934 4049 1118 4159 hepatici,
1148 4071 1266 4161 prout
1292 4051 1510 4145 vetustiora,
1541 4052 1711 4146 sicciora,
1737 4054 1778 4132 δι
1815 4055 1939 4161 magis
1964 4053 2100 4161 rigida,
2129 4082 2173 4133 ac
2200 4054 2325 4135 frastu

625 4168 755 4249 facilia
779 4166 881 4258 sunt,
912 4164 952 4245 &r
977 4162 1018 4241 in
1048 4164 1243 4243 minorem
1270 4162 1467 4241 ambitum
1499 4166 1695 4275 contracta
1719 4166 1758 4243 δι
1777 4164 1904 4243 versus
1922 4165 2103 4245 interiora
2123 4164 2263 4274 crispa.

682 4302 718 4380 E
745 4298 890 4409 petiolo
910 4315 986 4379 tres
1006 4298 1118 4406 Cassa
1139 4298 1408 4380 viridi-dilutae
1421 4326 1465 4377 ac
1484 4297 1724 4379 flavescentes
1738 4319 1950 4401 excurrunt
1968 4328 2062 4381 curn
2078 4300 2181 4381 costa
2198 4302 2324 4381 inter-

627 4410 756 4491 media
782 4437 869 4517 quae
884 4404 1067 4489 nonnihil
1087 4409 1239 4491 crassior
1252 4409 1306 4489 est
1325 4410 1508 4519 utrinque
1529 4437 1620 4504 una,
1641 4404 1684 4490 in
1710 4415 1812 4489 resta
1829 4413 1869 4491 δι
1889 4412 2041 4492 adversa
2060 4431 2167 4523 parte
2181 4432 2320 4492 extan-

535 4550 539 4564 ·
625 4542 711 4617 tes;
742 4521 908 4629 suntque
924 4517 985 4599 ha
1010 4520 1096 4599 duae
1121 4519 1292 4603 laterales
1311 4521 1609 4631 primum'brevi
1620 4521 1825 4603 intervallo
1851 4524 1961 4603 restis
1983 4525 2168 4605 tratribus
2183 4551 2320 4605 mean-

625 4653 698 4729 tes,
728 4660 772 4713 ac
801 4631 848 4711 ad
876 4632 1046 4713 mediam
1073 4632 1235 4739 junstae,
1265 4650 1381 4742 atque
1404 4632 1497 4711 inde
1525 4632 1608 4712 obli
1639 4659 1691 4713 uo
1719 4660 1764 4713 ac
1784 4634 2003 4715 annulatim
2028 4636 2171 4716 inflexo
2199 4637 2322 4717 ductu

625 4744 816 4826 anteriora
846 4742 971 4823 versus
1012 4740 1088 4822 alte
1128 4742 1353 4838 ascendunt,
1397 4771 1442 4823 ac
1469 4660 1650 4854 proximil
1686 4743 1735 4824 ad
1773 4746 1973 4855 cuspidem
2002 4746 2318 4855 progrediuntur.

626 4856 723 4935 Ubi¹
741 4856 782 4934 in
814 4854 973 4934 venulas
1008 4854 1183 4948 subtiles,
1212 4883 1298 4965 quae
1340 4854 1467 4934 versus
1500 4854 1701 4964 cuspidem
1734 4856 1974 4951 deferuntur,
2003 4857 2226 4967 disparent3
2270 4885 2322 4939 ex

625 4968 739 5047 costis
763 4964 986 5045 extantibus
1014 4965 1194 5073 plurimae
1222 4966 1328 5046 fibrae
1356 4966 1421 5045 seu
1449 4993 1556 5045 vena
1589 4966 1733 5046 intimo
1763 4972 1886 5047 trastu
1914 4998 1983 5078 per
2011 4970 2140 5079 ipsum
2172 4969 2318 5050 solium

624 5077 864 5158 transversim
891 5075 1157 5187 egrediuntur,
1186 5076 1320 5157 subtili
1339 5075 1696 5157 cancelliformium
1723 5079 1953 5161 venularum
1972 5099 2160 5161 contextu
2184 5082 2316 5161 comi·

625 5208 728 5283 tatae,
759 5188 927 5295 suntque
947 5188 987 5266 in
1007 5185 1221 5295 majoribus
1236 5188 1341 5269 foliis
1368 5186 1552 5269 nonnihil
1566 5190 1796 5283 eminentes,
1817 5192 1989 5271 maxime
2005 5193 2046 5271 in
2066 5196 2165 5273 reeta
2183 5212 2317 5303 parte:

625 5299 721 5379 solia
749 5298 838 5378 sunt
857 5296 949 5379 sorti
969 5325 1013 5377 ac
1042 5301 1253 5380 aromatico
1270 5300 1403 5393 odore,
1431 5295 1627 5409 praecipue
1647 5302 1752 5394 trita,
1770 5302 1899 5410 ipsum
1923 5304 2137 5383 cinamomi
2157 5306 2318 5385 odorem

624 5412 820 5519 spirantia,
851 5412 891 5489 δι
920 5410 1052 5521 sapore
1076 5437 1235 5521 quoque
1260 5411 1489 5506 cinamomi,
1519 5411 1613 5491 licet
1641 5412 1774 5491 minus
1795 5433 1932 5523 vegeto
1942 5452 1957 5510 ς
1987 5415 2086 5495 solia
2111 5418 2322 5497 tenerrima

623 5520 875 5603 rubescentia.
1013 5564 1019 5575 ,
2250 5558 2257 5565 ·

684 5656 812 5737 Floras
825 5655 982 5765 petiolis
997 5657 1285 5753 viridi-dilutis,
1316 5659 1385 5767 qui
1400 5657 1512 5768 supra
1530 5686 1580 5739 ex
1603 5657 1754 5767 origine
1779 5659 1966 5744 foliorum
1984 5664 2178 5775 prodeunt
2192 5666 2326 5776 plures

569 5860 578 5873 ⁴
632 5767 901 5873 congregatim
917 5768 980 5847 seu
1000 5768 1248 5849 umbellatim
1265 5772 1531 5886 proveniunt„
1547 5772 1714 5882 suntque
1732 5770 1991 5869 stellisormcs,
2011 5804 2056 5855 ac
2076 5778 2199 5887 parvi,
2227 5805 2325 5858 con·

630 5876 771 5957 slantes
789 5876 853 5959 seii
868 5875 974 5965 foliis
1000 5880 1115 5963 viridi
1148 5880 1576 5979 diluto-albicantibus,
1605 5909 1744 5995 parum
1762 5883 1943 5998 oblongis
1963 5916 2006 5969 ac
2035 5877 2213 5971 rotundis
2232 5894 2326 5984 oris,

2143 6019 2336 6083 anteriora
