6092 6950
975 833 1928 982 nunnunurcus
2214 909 2286 1009 49

764 1228 824 1347 r>
1038 1221 1101 1338 u
1298 1139 1401 1336 u
1564 1221 1634 1338 A
1823 1155 1909 1338 L'
2016 1185 2157 1346 u

882 1375 1162 1579 ricus
1240 1397 2026 1575 annonaruusrs
2164 1615 2168 1622 ,

1314 1783 1349 1863 F
1379 1783 1399 1863 1
1429 1784 1485 1864 G.
1548 1782 1614 1866 28.

632 1976 873 2196 PErAlu,
908 2003 995 2085 qua
1023 1989 1162 2083 quarta
1190 1971 1333 2082 species
1365 1975 1447 2056 Alu
1486 1973 1554 2069 est,
1585 1975 1684 2084 ling.
1721 1975 1960 2062 Bramanum
1990 1975 2146 2071 Vadhol,
2176 1975 2293 2060 arbor

757 2090 904 2173 cateris
923 2087 1140 2198 procerior,
1164 2085 1287 2166 densis
1316 2087 1512 2196 &opacis
1540 2084 1746 2168 frondibus
1772 2083 1848 2168 late
1867 2087 2018 2200 sparsus„
2043 2088 2290 2202 nasciturque
2412 2119 2418 2132 ·

765 2205 808 2283 in
826 2201 1009 2296 arenosis.

691 2425 815 2510 Radix
832 2423 947 2506 crassa
959 2423 1105 2504 radices
1123 2420 1294 2518 fibrosas,
1309 2439 1391 2502 tam
1410 2421 1544 2510 subtus
1566 2419 1686 2536 quim
1706 2420 1819 2532 super
1839 2440 1984 2510 terram
1993 2421 2113 2535 longe
2133 2422 2290 2538 lateque

633 2537 872 2634 diffundens,
902 2538 1048 2617 cortice
1069 2563 1148 2647 prae
1172 2535 1318 2616 caeteris
1344 2536 1583 2648 lasteo,·qui
1602 2533 1744 2616 incisus
1765 2541 1923 2650 quoque
1942 2536 2125 2620 rubescit.

694 2763 843 2846 Caudex
864 2760 1012 2841 eximia
1038 2757 1199 2840 crassitie
1230 2758 1355 2841 dudm
1389 2760 1559 2842 triumve
1583 2759 1702 2841 etiam
1721 2754 1933 2840 hominum
1952 2757 2184 2870 amplexum
2201 2775 2288 2840 am*

637 2874 725 2956 bitu
744 2885 913 2985 aequans,
944 2872 1089 2953 cortice
1118 2899 1198 2980 prae
1228 2874 1375 2952 caeteri‘s
1401 2872 1537 2966 lacteo,
1570 2872 1639 2980 qui
1668 2869 1858 2976 detrustus
1878 2871 1943 2952 seu
1963 2872 2107 2952 incisus
2132 2895 2291 2982 quoque

636 2989 745 3068 intus
764 2985 954 3068 rubescit:
986 3011 1035 3064 ex
1066 2984 1182 3063 ramis
1212 3001 1258 3062 ut
1288 2984 1329 3063 in
1359 2983 1537 3065 Itti-Alu
1558 2981 1757 3062 filamenta
1775 2981 1840 3062 seu
1863 2984 2043 3064 radicula
2062 2985 2191 3068 multb
2213 3012 2291 3068 nu.
2329 3003 2336 3028 ·

634 3101 861 3191 meroliores
879 3095 1007 3177 versus
1027 3113 1169 3176 terram
1193 3094 1373 3205 pendula
1392 3095 1662 3182 dimittuntur.

696 3323 848 3408 Surculi
862 3317 997 3415 teneri,
1028 3318 1183 3412 virides,
1213 3316 1445 3428 geniculati,
1470 3315 1583 3428 pilosr
1616 3311 1681 3398 seu
1700 3317 1929 3428 lanuginosr.
2063 3327 2066 3332 '

697 3534 820 3639 Folia,
846 3571 934 3653 quae
966 3543 1121 3653 petiolis
1152 3541 1401 3622 mediocriter
1429 3536 1575 3648 longis,
1605 3524 1745 3634 crassis,
1774 3536 1916 3649 planis,
1945 3538 2054 3622 valdb
2073 3526 2218 3637 lacteis,
2251 3544 2296 3625 ad

642 3655 1039 3741 viridi-albicantibus
1057 3657 1104 3735 bc·
1117 3653 1325 3733 subtilibus
1344 3651 1436 3765 pilis
1464 3650 1597 3733 obsrtis
1617 3653 1867 3763 proveniunt,
1899 3657 2044 3763 majora
2061 3658 2101 3737 ὃς
2120 3656 2297 3737 crassiora

643 3772 733 3851 sunt
747 3786 970 3850 ceterarum
990 3765 1205 3877 specierum
1225 3762 1345 3858 foliis,
1362 3768 1402 3845 bc
1415 3763 1579 3872 quidem
1592 3764 1754 3848 craffitie
1773 3765 1942 3864 eximia,
1952 3765 2081 3849 forma
2098 3768 2219 3865 oblau
2242 3795 2295 3846 o-

644 3881 824 3975 rotunda,
854 3880 1044 3961 anteriora
1060 3877 1187 3959 versus
1206 3876 1429 3962 rotundiola
1458 3903 1502 3956 ac
1526 3876 1702 3955 rotundis
1735 3877 1812 3957 oris
1841 3884 2050 3973 contracta,
2080 3796 2299 3988 majorilaf

645 3992 816 4077 titudine
833 3990 969 4071 versus,
980 3990 1175 4101 petiolum
1195 4007 1358 4071 textura
1382 3987 1507 4069 deusae
1539 3989 1579 4066 bc
1613 3986 1756 4080 solidae,
1785 3988 1986 4105 superficie
2016 3991 2144 4100 plana,
2175 3989 2299 4099 polita

644 4132 690 4185 ac
708 4104 823 4196 lenia,
854 4103 1079 4211 inutraque
1098 4120 1206 4211 parte
1225 4099 1442 4181 tomentosa
1460 4099 1644 4207 lanugine
1672 4100 1852 4192 obducta,
1884 4103 1925 4179 in
1945 4100 2096 4182 adversa
2113 4102 2300 4211 lanugine·

645 4214 812 4295 denfiori
829 4215 870 4293 δι
888 4214 1091 4307 leniffima,
1121 4240 1165 4293 ac
1196 4213 1321 4293 Veluti
1350 4211 1414 4291 seu
1444 4212 1542 4291 corii
1567 4210 1782 4319 lanuginosi
1815 4211 1963 4306 senisu,
1994 4214 2117 4298 virore
2137 4214 2178 4295 in
2199 4216 2301 4293 reeta

646 4323 883 4439 pattesttsco
906 4328 948 4407 &c
972 4326 1136 4419 nitente,
1166 4324 1207 4406 in
1227 4322 1379 4407 adversa
1396 4322 1515 4403 claro.
1638 4322 1640 4327 ’

705 4552 741 4631 E
762 4548 911 4661 petiolo
938 4576 1032 4629 cum
1057 4546 1161 4629 costa
1186 4547 1419 4628 intermedia
1436 4574 1524 4655 quae
1541 4542 1653 4629 valde
1673 4544 1789 4637 craffa
1811 4547 1879 4641 est,
1909 4576 1953 4633 ac
1982 4544 2186 4635 hincinde
2214 4546 2300 4629 cos.)

650 4662 751 4745 tulas
779 4662 862 4743 suas
891 4660 1063 4741 laterales
1090 4657 1252 4768 oblique
1289 4658 1479 4739 anteriora
1507 4658 1634 4743 versus
1668 4658 1830 4753 emittit,
1861 4662 2045 4768 utrinque
2075 4662 2159 4747 dua
2190 4660 2303 4769 Ccssae

648 4792 809 4866 exeunt,
839 4800 930 4880 quae
957 4774 1085 4856 versus
1115 4772 1303 4884 posticam
1331 4788 1482 4881 partem
1511 4768 1599 4849 folii
1625 4768 1707 4849 suas
1741 4799 1900 4881 quoque
1920 4772 2078 4885 Caluus
2096 4774 2300 4867 emittunt,

649 4883 863 4993 omnesque
882 4884 930 4962 ad
948 4886 1167 4993 marginem
1186 4884 1375 4963 arcuatim
1394 4898 1634 4963 concurrunt
1652 4882 1698 4961 in
1712 4882 1864 4963 adversa
1882 4904 1990 4994 parte
2010 4886 2240 4977 eminentes,
2261 4884 2303 4961 in

652 4999 863 5077 renatum
895 4994 1126 5105 conspicua,
1158 5013 1244 5075 turn
1274 4996 1393 5073 etiam
1422 4990 1605 5086 nonnihil
1639 4996 1878 5073 eminentes:
1910 4998 2010 5076 inter
2044 4994 2153 5096 hasce
2183 4995 2303 5075 costas

633 5101 803 5187 'nervuli
841 5104 1035 5185 transverfi
1064 5108 1237 5199 rariores,
1268 5107 1337 5215 qui
1366 5105 1518 5185 venulis
1550 5104 1671 5183 densrs
1699 5132 1743 5187 ac
1769 5102 1974 5189 subtilibus
2007 5110 2177 5221 pertexti
2200 5106 2302 5201 sunt,

572 5232 603 5311 ’,
643 5218 780 5329 sparfi.
840 5219 959 5326 Sapor
979 5216 1102 5299 Foliis
1127 5216 1379 5326 adstringens,
1409 5217 1506 5297 odor
1525 5214 1673 5297 nullus.

710 5442 758 5523 In
778 5441 921 5521 vertice
939 5440 1183 5523 surculorum
1205 5442 1323 5522 Canus
1341 5440 1395 5522 est
1413 5440 1608 5549 oblongus
1628 5418 1814 5522 &viridis
1834 5442 1935 5523 inter
1953 5442 2090 5525 foliosa
2108 5440 2307 5523 involucra

655 5551 752 5636 solia
770 5553 922 5632 novella
939 5553 1078 5635 viridia
1100 5552 1325 5634 recondens.
1373 5577 1376 5582 ⁴

712 5779 877 5857 Frutlus
895 5776 1010 5858 ramis
1031 5775 1267 5886 surculisque
1287 5775 1399 5887 supra
1417 5771 1465 5857 ad
1490 5793 1674 5857 exortum
1692 5774 1881 5859 foliorum
1900 5778 2034 5889 paffim
2055 5777 2138 5859 bini
2165 5764 2310 5859 &bini

651 5890 780 5999 junsti
799 5890 839 5967 ὅσ
858 5890 974 5986 uniti,
1004 5909 1049 5972 ut
1068 5890 1128 5974 illi
1146 5888 1307 5985 Area‘lu,
1337 5886 1438 5971 arstb
1458 5890 1639 5995 infident,
1667 5886 1790 5979 taribs
1804 5890 1976 5989 solitarii,
2008 5890 2173 6001 suntque
2194 5918 2313 5999 mag.

711 6002 839 6084 TOM·
862 6000 899 6085 1·
1457 6001 1526 6092 Η
2130 6004 2314 6091 nitudiue
