6092 6950
753 822 825 913 44
1275 777 1899 885 HORT.US

723 993 729 998 ’
753 999 847 1083 serie
869 999 1137 1094 eontinentur,
1159 994 1371 1080 constantia
1388 1021 1438 1078 ex
1465 993 1638 1106 capitulo
1658 995 1826 1078 rotundo
1849 997 1889 1080 br
1908 998 2009 1080 resta
2026 997 2205 1096 caudula,
2236 1017 2409 1110 quacum

753 1113 890 1192 ordine
905 1111 1043 1194 cortici
1069 1106 1226 1192 interiits
1246 1109 1426 1202 infident,
1457 1108 1624 1216 suntque
1643 1107 1759 1190 instar
1777 1108 2051 1192 folliculorum
2070 1112 2114 1191 in
2132 1112 2207 1196 suis
2227 1115 2408 1225 capitulis

755 1252 884 1304 unum
903 1224 1031 1305 semen
1062 1223 1265 1303 minutum
1300 1221 1494 1330 nigricans
1521 1220 1784 1315 recondentia,
1804 1218 1982 1334 primltm
2000 1222 2220 1322 albicantia,
2251 1253 2300 1308 ex
2318 1254 2407 1308 ma·

751 1339 911 1415 turitate
936 1334 1257 1416 subflavescentia.
1699 1347 1706 1358 “
2134 1378 2140 1386 -

809 1557 1019 1643 Erusiibus
1040 1554 1132 1636 clun
1148 1557 1412 1638 maturescunt
1424 1560 1462 1644 F
1461 1557 1603 1641 ormicae
1617 1557 1882 1655 innascuntur,
1893 1557 2041 1669 hosque
2057 1561 2246 1644 naturales
2259 1560 2408 1647 habent

671 1725 676 1734 ,
750 1672 799 1750 in
832 1669 971 1749 eduliis
984 1708 996 1764 3
1030 1698 1110 1749 non
1137 1670 1227 1751 verb
1245 1697 1311 1750 eos
1340 1672 1410 1778 qui
1436 1669 1600 1750 aliarum
1619 1669 1707 1750 sunt
1727 1670 1955 1782 specierum.

808 1893 875 1974 Bis
904 1913 1006 1972 terve
1047 1894 1087 1974 in
1125 1921 1229 1973 anno
1267 1890 1350 1974 haec
1384 1892 1478 1974 abor
1510 1893 1575 1974 dat
1611 1891 1774 1989 frustm,
1805 1899 1864 1977 uti
1889 1899 1929 1978 dc
1962 1915 2105 1978 caeterae
2131 1897 2287 2009 species,
2317 1927 2406 2010 quae

624 2059 628 2065 .
708 2011 711 2016 ’
748 2026 902 2099 omnes,
935 2024 978 2084 ut
996 2005 1189 2114 indigenae
1208 2004 1355 2100 serunt,
1386 2034 1465 2086 non
1486 2005 1563 2085 alio
1585 2007 1706 2086 modo
1725 2028 1999 2119 propagantur,
2030 2011 2102 2090 nifi
2135 2009 2157 2088 ὲ
2190 2009 2404 2094 seminibus

751 2117 955 2200 fruituram
974 2114 997 2197 ὲ
1015 2118 1140 2197 'corvis
1161 2118 1419 2234 depasturum,
1451 2147 1538 2228 quae
1567 2145 1661 2199 curn
1687 2117 1755 2200 suo
1774 2121 1935 2202 stercore
1954 2115 2185 2230 deponunt*

1289 2345 1562 2425 Vinus
1634 2299 1869 2454 nJua

828 2483 957 2566 Adicis
975 2484 1180 2588 decodlum
1193 2499 1358 2592 epotum
1376 2481 1491 2560 servit
1502 2481 1549 2561 ad
1563 2481 1852 2592 purificandum
1872 2479 2099 2592 sanguinem
2117 2482 2156 2563 δι
2175 2477 2308 2594 hepar,
2338 2501 2404 2566 re-

855 2597 1070 2705 primitque
1089 2595 1224 2674 colerae
1243 2594 1523 2686 acrimoniam3
1546 2593 1718 2701 ejusdem
1738 2591 1945 2673 decurtata
1964 2592 2100 2672 succus
2120 2595 2315 2675 exstillans
2331 2599 2402 2706 qui

747 2705 791 2785 in
811 2707 894 2787 vase
919 2707 1114 2817 supposrto
1143 2706 1350 2814 excipitur,
1380 2707 1495 2785 etiarn
1516 2702 1647 2815 hepati
1667 2703 1769 2784 male
1786 2704 1923 2786 affesio
1944 2705 2141 2801 convenit,
2172 2706 2403 2818 confertque

747 2815 796 2896 iis
816 2818 886 2925 qui
900 2847 1040 2898 manus
1053 2815 1199 2896 habent
1213 2817 1373 2897 sulcatos
1393 2819 1433 2896 dc
1452 2815 1562 2897 filias.
1625 2819 1761 2898 Cortex
1779 2816 1978 2896 ardoribus
1992 2814 2142 2925 hepatis
2159 2819 2403 2927 restinguen«

747 2928 808 3009 dis
826 2931 868 3008 in
894 2931 1055 3008 decocto
1082 2929 1209 3023 datur,
1239 2946 1356 3037 atque
1385 2925 1463 3008 hoc
1491 2929 1611 3010 modo
1649 2929 1851 3040 usurpatus
1884 2929 2002 3006 etiam
2029 2929 2077 3006 iis
2117 2928 2229 3008 servit
2255 2932 2325 3038 qui
2358 2933 2401 3011 in

748 3066 815 3120 ore
829 3041 989 3149 aliisque
1006 3041 1179 3150 partibus
1209 3040 1334 3120 sulcos
1349 3037 1511 3120 habent.
1570 3039 1668 3122 Idem
1688 3042 1801 3121 tritus
1822 3040 1942 3118 ulceri
1969 3040 2113 3146 cuique
2137 3040 2313 3148 proficue
2329 3071 2400 3152 ap·

744 3153 923 3261 ponitur,
954 3154 1012 3231 uti
1042 3155 1083 3233 de
1120 3154 1219 3262 parti
1266 3152 1458 3232 laboranti
1495 3150 1637 3231 morbo
1675 3151 1778 3231 sacro
1808 3147 2028 3231 Lufitanice
2069 3151 2186 3245 dicto,
2219 3152 2397 3235 Cobrello.

744 3265 930 3347 Foliorum
933 3268 1069 3377 flaccus
1090 3291 1184 3344 cum
1199 3264 1286 3344 oleo
1304 3264 1486 3344 decoetus
1506 3265 1549 3343 in
1568 3261 1675 3342 febre
1700 3261 1824 3342 calida
1838 3262 2041 3354 conducit,
2062 3260 2089 3338 fi
2110 3261 2262 3341 vicibus
2281 3265 2398 3343 itera-

746 3377 798 3456 tis
833 3405 975 3489 corpus
1007 3380 1053 3458 de
1082 3396 1200 3487 caput
1228 3404 1323 3457 cum
1352 3403 1399 3456 eo
1437 3375 1599 3456 lavetur.
1659 3378 1824 3457 Procius
1862 3373 1995 3453 alvum
2023 3369 2238 3483 adstringit,
2267 3374 2401 3487 estque

619 3570 625 3579 ,
745 3490 937 3571 comestus
956 3489 1154 3600 proficuus
1173 3518 1245 3599 pro
1264 3490 1405 3599 pituita
1435 3486 1729 3599 humorumque
1756 3488 1858 3575 mala
1877 3485 2063 3597 temperie
2081 3486 2324 3596 corrigenda.

1426 3715 1464 3794 F
1491 3714 1521 3793 I
1545 3712 1595 3793 G.
1657 3736 1735 3819 ²5·†

785 3846 1551 3937 ProponunturhicabAntoribusquatuorficuum
1592 3848 1720 3933 placuit.
1765 3824 1908 3933 iay-Alo
1929 3868 2003 3935 ergo
2029 3846 2117 3913 nobis
2139 3847 2198 3913 erit
2219 3846 2302 3913 Ficus
2319 3846 2397 3913 Ma-

740 3935 987 4021 Maloborenſsum
1012 3938 1135 4017 species,
1168 3960 1245 4023 quaa
1270 3952 1377 4017 tttpote
1411 3935 1430 3999 a
1462 3932 1552 3998 nullo
1587 3932 1735 4019 laborerfis
1754 3934 1829 4020 solio
1850 3934 1970 4019 oblongo,
2006 3934 2175 4011 acuminato,
2190 3935 2300 4021 statiis
2329 3938 2396 4003 vut-

741 4024 904 4111 descriptas
939 4023 985 4108 (br
1011 4023 1112 4087 forsan
1146 4025 1220 4087 huic
1247 4023 1365 4108 regioni
1397 4021 1550 4085 duntaxat
1584 4019 1653 4106 gari
1666 4018 1773 4087 amulo.

742 4106 934 4192 familiarem)
971 4109 1167 4195 sequentibus
1202 4109 1381 4176 nominibus
1404 4102 1548 4194 insignire

802 4431 1016 4501 rtcus
1073 4426 1490 4497 unctuosa,
1819 4397 2133 4514 snrmnsparfiam'.

1631 4536 1723 4607 Ficus
1735 4541 1789 4607 fol.
1799 4520 1898 4607 beatis
1914 4543 2116 4628 integerrimis
2128 4542 2224 4607 acutis
2238 4538 2396 4627 imprello-

1010 4618 1031 4665 (ἴ
1053 4616 1075 4665 1.
1099 4620 1124 4665 A
1147 4619 1163 4663 ⁸
1186 4616 1202 4665 ⁸
1226 4613 1240 4658 ¹
1264 4615 1279 4660 ³
1587 4624 1756 4709 pandatis,
1779 4628 1866 4691 caule
1880 4628 2018 4692 arboreo.

739 4790 1136 4842 russonum
1193 4782 1543 4837 antoecis.
1802 4752 2133 4837 Synonymaoutborom,

1249 4900 1252 4905 .
1629 4847 1722 4915 Ficus
1742 4850 1823 4914 foliis
1840 4851 1937 4914 ovatio
1953 4850 2050 4913 acutis
2065 4848 2280 4933 integerrimis,
2305 4845 2394 4913 caule

960 4948 1119 5017 character
1134 4948 1289 5034 generiem,
1584 4936 1724 5015 arboreo,
1746 4936 1849 5000 fruslu
1872 4935 2036 4999 racemoso.
2096 4934 2225 5001 Amoen.
2252 4934 2336 4999 acad.
2364 4956 2394 5001 r.

1656 5042 1688 5087 0.

781 5076 1027 5179 Receptaculum
1042 5075 1420 5153 ⁰⁰fflm¹¹¹¹²²¹¹lbl⁰²l¹¹m2
1436 5094 1547 5174 ‘²³⁰9'
1585 5042 1816 5171 piniatario
1835 5102 2009 5173 domestica.
2055 5102 2194 5189 Rumpb.
2211 5104 2293 5171 amb.
2314 5123 2343 5191 3·
2360 5126 2395 5189 p.
2484 5086 2489 5091 .

739 5167 818 5242 sum,
852 5187 1034 5239 connivens,
1062 5162 1222 5227 occultans
1251 5160 1391 5227 flosculos
1426 5158 1475 5226 vel
1512 5180 1547 5225 m
1587 5194 1692 5280 136.t·
1709 5192 1828 5280 ΜΒ,

738 5252 849 5319 eodem
864 5254 914 5316 vel
929 5250 1077 5316 distincto
2047 5302 2053 5319 Ι

782 5335 897 5403 Maec.
911 5335 982 5401 Cal.
999 5334 1177 5418 3-partitus.
1197 5329 1273 5397 Cor.
1286 5352 1320 5398 o.
1335 5328 1431 5398 Stam.
1445 5348 1476 5415 3.
1901 5306 2094 5422 Observabo·

782 5421 875 5489 inu.
892 5418 961 5488 Cal.
977 5422 1154 5509 5-partitua.
1165 5417 1240 5487 Cor.
1254 5437 1285 5487 ο.
1296 5415 1367 5485 Pist.
1386 5438 1415 5487 1.
1428 5416 1545 5485 Semi.
1621 5410 1713 5482 Iulia
1726 5409 1858 5500 adspersa
1872 5409 1992 5497 punita
2004 5406 2122 5473 albidas.
2235 5398 2346 5469 erru.

2131 5886 2394 6001 irrr-
