6092 6950
1005 843 1973 960 uniusauroua
2177 879 2311 987 Ι,ςι

667 1095 805 1294 ’Β
965 1157 1030 1286 ts
1164 1163 1229 1286 r).
1368 1170 1436 1286 A
1569 1165 1632 1286 a
1790 1161 1837 1282 1
1973 1119 2050 1281 'T
2188 1161 2239 1280 r.

598 1329 605 1337 ¹
879 1373 1375 1529 riru'rscus
1463 1339 2100 1521 P'oputusus

1342 1689 1425 1770 FI
1455 1690 1512 1771 G.
1551 1714 1640 1798 aq.

536 2001 540 2010 1
659 1872 905 2136 PArisi
930 1898 1096 1994 quatuor
1124 1875 1213 1960 sunt
1234 1878 1393 1989 species,
1423 1877 1568 1972 Paritl,
1598 1877 1828 1972 Bu-Pariti,
1859 1880 2151 2000 Scheijariti,
2182 1883 2309 1966 cade>-

818 1996 963 2080 Pariti.

584 2322 589 2334 .
714 2217 940 2308 Bu-Paritt'
953 2217 1092 2324 lingua
1121 2217 1359 2296 Bramanum
1392 2209 1790 2324 Valli-cari-Capotst,
1820 2209 1875 2292 est
1896 2215 2009 2294 arbor
2031 2219 2192 2315 excelsa,
2222 2223 2307 2304 nas-

658 2362 750 2416 cens
770 2337 813 2415 in
831 2329 1012 2421 arenosis,
1043 2326 1166 2406 densis
1200 2328 1407 2437 opacisque
1428 2325 1649 2419 frondibus,
1681 2353 1865 2404 coronam
1884 2324 1994 2405 valde
2017 2349 2166 2436 gratam
2189 2335 2308 2414 effor-

655 2455 784 2542 'mans,
815 2442 934 2550 idque
956 2437 1129 2519 maxime
1160 2437 1269 2546 quod
1306 2438 1358 2520 ob
1392 2439 1602 2549 puritatem
1636 2437 1754 2516 nullis
1793 2431 1969 2517 formicis
2009 2465 2136 2548 neque
2166 2447 2307 2528 muscis

655 2557 872 2640 infestetur.

713 2703 838 2788 Radix
856 2695 1108 2816 pinniformis
1120 2693 1302 2807 plurimis
1325 2677 1516 2807 capillatis
1537 2695 1645 2776 fibris
1668 2713 1776 2774 terrae
1796 2691 1832 2772 se
1851 2687 2026 2796 affigens.
2106 2799 2109 2806 ,

654 2860 863 2941 -1caudex
892 2855 1259 2965 amplexum-unius
1292 2848 1467 2931 hominis
1497 2852 1677 2961 superans
1715 2851 1825 2958 ligno
1862 2850 2054 2932 albicante
2086 2855 2141 2934 est
2176 2856 2310 2940 minirs

657 2971 756 3051 duro
775 2975 815 3051 bt
845 2969 982 3062 solid0,
1012 2963 1349 3075 quemadmodum
1370 2962 1469 3042 illud
1488 2962 1677 3056 abietum,
1707 2958 1842 3042 verum
1862 2963 1980 3042 nullis
2000 2967 2106 3046 venis
2138 2969 2306 3050 undula-

655 3085 722 3177 tis,
754 3082 861 3191 quod
890 3080 1091 3188 adaptatur
1124 3076 1173 3155 ad
1204 3074 1449 3156 conficienda
1477 3073 1824 3153 instrumentorum
1847 3074 2085 3156 mus1corum
2110 3083 2307 3186 opercula,

655 3195 765 3274 intus
794 3195 836 3271 in
866 3193 978 3301 ligno
1008 3188 1167 3271 corculo
1197 3187 1336 3298 molli3
1367 3188 1450 3294 ejus
1470 3204 1604 3266 cortex
1624 3184 1677 3264 est
1700 3203 1743 3264 ut
1765 3202 1898 3264 cortex
1920 3187 2025 3280 tiliae,
2055 3215 2148 3268 cum
2169 3193 2247 3298 qual
2265 3195 2308 3274 in

657 3306 793 3386 multis
814 3323 858 3383 ut
876 3303 1017 3395 forma,
1038 3300 1263 3389 amoenitate
1281 3300 1321 3376 bt
1340 3298 1534 3395 viriditate
1553 3297 1749 3390 convenit,
1780 3295 1911 3402 estque
1929 3297 2085 3404 lignum
2115 3302 2154 3378 δε
2175 3323 2308 3385 cortex

657 3416 804 3500 nullius
827 3414 972 3509 odoris,
1002 3438 1130 3520 neque
1152 3409 1309 3520 saporis,
1339 3409 1409 3488 nisr
1440 3407 1685 3517 sylvestris&
1708 3405 1991 3519 adstringentis.

713 3576 834 3669 Folia,
864 3602 951 3681 quae
981 3569 1122 3651 teneris
1153 3569 1328 3661 surculis,
1360 3569 1434 3654 five
1463 3569 1493 3645 ii
1522 3597 1572 3651 ex
1594 3569 1865 3653 vetustioribus
1888 3573 2046 3655 tamise
2071 3576 2201 3674 latere,
2234 3582 2307 3665 five

655 3716 706 3773 ex
727 3714 866 3768 eorum
894 3683 1081 3793 superiori
1118 3696 1238 3791 parte·
1261 3698 1489 3790 erumpunt,
1519 3680 1674 3793 petiolis
1705 3682 1848 3791 longis,
1879 3686 2071 3782 rotundis,
2100 3692 2304 3791 viridibus,

657 3800 842 3883 tenuibus
861 3794 1098 3905 appendent,
1128 3791 1216 3872 sunt
1238 3791 1366 3871 forma
1394 3790 1524 3871 cordis
1545 3790 1725 3887 humani,
1756 3794 2028 3903 magnitudine
2047 3802 2163 3883 unius
2183 3806 2305 3913 palmi
2436 3854 2441 3867 ·

657 3916 697 3994 ἃ
726 3911 911 4019 amplius,
941 3901 1109 3984 anterius
1150 3903 1324 3982 lanceola
1353 3901 1474 3982 oblon
1558 3907 1597 3984 δι
1636 3904 1807 4013 angusta,
1838 3906 2046 4015 cuspidata,
2077 3933 2307 3997 contextura

658 4024 852 4105 mollia&
871 4017 1004 4109 solida,
1035 4013 1235 4124 superficie
1255 4014 1368 4122 plana
1386 4014 1426 4092 bt
1446 4014 1593 4121 gabra‚
1624 4016 1759 4095 viroris
1779 4020 2002 4099 communis
2023 4024 2063 4099 dt
2081 4051 2219 4129 parum
2240 4030 2304 4106 ni-

657 4136 791 4229 tentis,
821 4134 863 4210 in
882 4146 998 4239 parte
1011 4126 1164 4207 adversa
1192 4125 1401 4219 dilutioris,
1430 4125 1620 4206 odoris&
1644 4127 1785 4235 saporis
1810 4128 1955 4207 nullius
1986 4132 2055 4209 nisr
2075 4134 2275 4241 sylvestris.
2397 4124 2402 4133 ⁵

568 4396 575 4403 ⁵
713 4307 779 4385 Ex
809 4303 956 4412 petiolo
985 4326 1079 4409 cum
1106 4298 1211 4378 costa
1239 4297 1368 4377 modia
1398 4297 1582 4405 utrinque
1614 4298 1725 4407 Crssae
1744 4318 1819 4378 tres
1843 4319 2000 4395 exeunt,
2031 4332 2117 4411 quae
2136 4306 2303 4391 anteribs

657 4415 858 4527 progreffae
888 4413 935 4492 ad
966 4438 1049 4491 oras
1080 4408 1168 4491 folii
1197 4426 1423 4500 excurrunt,
1455 4409 1524 4488 ubi
1546 4412 1649 4488 inter
1678 4409 1940 4491 subtilissimos
1961 4416 2189 4499 venularum
2208 4449 2302 4505 can-

657 4526 819 4609 cellulos
851 4552 894 4633 ac
920 4526 1060 4603 tractus
1091 4521 1297 4630 disparent,
1329 4518 1413 4598 suos
1445 4520 1614 4600 ramulos
1637 4520 1810 4603 laterales
1834 4522 1960 4601 versus
1991 4529 2208 4635 marginem
2239 4534 2301 4613 di-

657 4640 872 4749 mittentes,
903 4638 1068 4745 suntque
1097 4633 1209 4715 costae
1238 4633 1358 4713 etiam
1387 4631 1429 4710 in
1460 4635 1561 4713 resta
1590 4651 1697 4740 parte
1727 4634 1956 4728 eminentes,
1988 4637 2079 4716 licet
2109 4645 2232 4753 magis
2260 4646 2300 4725 in

657 4749 821 4832 adversa.
1812 4782 1817 4791 “

713 4928 750 5007 F
751 4927 840 5007 lares
865 4925 935 5033 qui
963 4924 1093 5033 longis
1112 4950 1272 5033 quoque
1290 4923 1444 5033 petiolis
1471 4922 1584 5033 supra
1602 4950 1651 5003 ex
1669 4926 1821 5035 origine
1844 4918 2032 5011 foliorum
2051 4937 2298 5043 proveniunt,

647 5037 746 5118 ’sunt
763 5064 960 5144 campanae
979 5038 1155 5143 quinque
1172 5036 1631 5144 oblongo-rotundorum
1649 5036 1836 5119 soliorum
1866 5042 1987 5148 calyci
2013 5049 2131 5138 arcto,
2163 5068 2299 5128 rotun-

656 5150 723 5243 do,
753 5146 1007 5259 profundiolo
1026 5148 1065 5225 &
1087 5148 1205 5228 crasso
1225 5176 1268 5227 ac
1287 5146 1549 5241 viridi-fusco,
1580 5150 1650 5256 qui
1679 5150 1855 5258 quinque
1874 5154 2037 5231 minutis
2064 5159 2238 5267 apicibus
2259 5164 2300 5245 in

656 5280 723 5340 ora
751 5262 913 5353 eminet,
944 5258 1164 5355 infidentes,
1195 5258 1335 5340 coloris
1368 5282 1415 5339 ex
1445 5260 1536 5338 albo
1556 5259 1804 5355 flavescentia,
1836 5262 1904 5369 qui
1926 5264 2107 5345 nonnihil
2128 5270 2174 5347 ad
2194 5274 2299 5351 viro-

655 5400 738 5453 rem
758 5373 896 5480 vergit,
926 5368 1055 5450 odoris
1075 5369 1247 5465 nullius3
1278 5370 1373 5451 folia
1402 5370 1514 5479 supra
1544 5372 1580 5448 se
1610 5372 1780 5453 invicem
1798 5374 2007 5455 convoluta
2028 5378 2116 5457 sunt
2134 5382 2300 5465 exteribs

653 5486 761 5563 venis
792 5484 856 5562 seu
876 5484 1002 5563 nervis
1025 5477 1297 5563 'eminentibus
1328 5485 1370 5563 in
1400 5485 1567 5593 longum
1586 5480 1726 5577 striata,
1757 5486 1796 5563 dc
1816 5486 1864 5563 ad
1883 5487 1988 5565 idern
2014 5490 2112 5569 latus
2133 5494 2173 5569 in
2194 5514 2301 5601 parte

654 5593 830 5675 inferiori
851 5594 1120 5704 valdeaspera,
1142 5595 1308 5703 suntque
1326 5593 1374 5674 ad
1393 5597 1567 5703 calycem
1587 5595 1771 5690 craffiola,
1802 5599 1990 5677 anteriora
2009 5601 2134 5679 versus
2155 5608 2299 5704 tenuia,

655 5707 761 5811 rugis
791 5708 901 5788 valde
930 5706 1054 5816 crispa
1082 5707 1122 5787 ἃ
1153 5710 1361 5797 contrasta,
1392 5708 1432 5785 dc
1462 5735 1556 5785 cum
1587 5707 1812 5815 unguiculis
1838 5709 1963 5787 versus
1996 5738 2113 5791 unam
2153 5738 2303 5825 partem

654 5814 796 5897 inflexa
806 5855 820 5914 ς
851 5815 1013 5899 inferius
1043 5819 1086 5900 in
1115 5818 1221 5901 collo
1250 5818 1362 5898 flores
1401 5817 1483 5898 rosa
1511 5819 1685 5929 infigniti
1721 5818 1811 5899 ¹sunt
1840 5824 2302 5929 purpureo-rubicundo-

1461 5930 1506 6009 Η
1537 5956 1560 6011 ²
2202 5944 2307 6030 fusca
