6092 6950
1248 783 1900 882 HORTU'S'

737 994 940 1074 contrattae
960 991 1306 1089 &viridi-dilutae,
1337 995 1407 1075 sub
1435 996 1535 1078 illud
1556 1015 1710 1103 tempus
1729 1019 1811 1100 quo
1826 994 2029 1106 proruptio
2053 993 2197 1076 florum
2213 1000 2382 1107 gemmis

735 1105 863 1200 instat,
878 1105 1064 1188 omnibus
1083 1105 1189 1186 foliis
1205 1105 1391 1234 spoliatur
1408 1107 1535 1203 arbor,
1550 1105 1782 1217 quaerursus
1803 1125 1977 1215 tempore
1995 1106 2196 1188 fruetuum
2208 1108 2380 1189 resumit.
2513 1215 2520 1233 .

791 1329 970 1422 Frublus,
1001 1327 1071 1436 qui
1092 1325 1369 1436 'longiusculis,
1400 1328 1588 1410 viridibus
1615 1328 1770 1439 petiolis
1796 1328 2031 1437 appendent,
2061 1327 2150 1408 sunt
2174 1329 2382 1438 plano-ro·

734 1439 850 1518 tundi
870 1441 993 1519 trium
1021 1438 1199 1531 laterum,
1231 1469 1317 1548 quae
1347 1441 1446 1520 striis
1475 1441 1654 1520 distinete
1672 1440 1776 1532 sunt,
1807 1458 1924 1546 atque
1941 1440 1984 1519 in
2012 1441 2155 1520 vertice
2188 1441 2258 1521 ubi
2286 1443 2384 1521 striae

734 1569 974 1630 concurrunt
1007 1549 1209 1658 gemmula
1256 1551 1481 1645 eminentia,
1512 1554 1554 1631 in
1592 1551 1723 1631 medio
1752 1549 2000 1658 fingulorum
2039 1551 2204 1630 laterum
2244 1552 2384 1632 leniter

734 1659 873 1755 striata,
904 1689 1016 1742 carne
1035 1659 1164 1751 densa,
1194 1661 1362 1769 suntque
1380 1660 1606 1744 etiamtum
1625 1681 1776 1741 matura
1793 1661 1881 1739 sunt
1896 1661 2026 1740 colore
2044 1662 2173 1741 viridi.

789 1883 901 1962 Intus
921 1883 962 1961 in
983 1883 1112 1962 medio
1131 1883 1384 1963 continentur
1409 1886 1481 1964 tria
1499 1887 1645 1968 Semina
1668 1909 1737 1992 per
1767 1901 1882 1960 tenue
1900 1882 2262 1989 intersepimentum
2296 1882 2318 1962 ὲ
2347 1859 2383 1962 se

733 2010 876 2074 mutuo
893 1993 1095 2085 ,distineat
1126 2020 1213 2101 quae
1242 1993 1370 2073 forma
1400 1997 1567 2075 trilatera
1599 1996 1702 2085 sunt,
1733 2020 1814 2072 uno
1840 1993 1964 2071 latere
1986 1995 2171 2072 exteriori
2197 1995 2380 2086 rotund0,

735 2129 779 2182 ac
799 2102 953 2184 duobus
973 2102 1117 2213 quibus
1138 2105 1454 2213 intersepimenta
1472 2109 1714 2214 contingunt
1732 2103 1872 2212 planis.

1280 2317 1850 2437 VinnrnJon

733 2449 904 2590 RAfiic
922 2453 964 2532 in
986 2453 1145 2534 decocto
1166 2453 1253 2532 data
1262 2455 1395 2582 uentri
1416 2456 1652 2537 eume-fatto
1665 2453 1911 2536 extenuando
1929 2453 2056 2536 servit.
2116 2453 2254 2538 Eadem
2269 2458 2382 2565 juvat

828 2590 870 2644 ιη
888 2563 1058 2673 podagra
1076 2562 1175 2668 satta
1193 2568 1459 2672 perunctione.

1408 2791 1576 2871 FIG.
1636 2815 1707 2893 42.

775 2941 890 3008 Praeter
903 2939 1184 3007 denominationem
1197 2941 1410 3007 Barchinianum
1426 2944 1457 3007 in
1469 2963 1539 3008 mo·
1575 2943 1725 3006 exteriore
1738 2942 1853 3005 cortice
1874 2940 1961 3024 plura
1982 2940 2167 3021 constarent,
2190 2948 2277 3031 cujus
2294 2959 2328 3007 ut
2350 2941 2382 3008 δι

728 3029 809 3092 tium
835 3025 1040 3104 efformatam,
1063 3029 1150 3110 plura
1171 3027 1316 3091 exhibere
1339 3049 1403 3091 non
1437 3029 1537 3091 datur.
1577 3027 1734 3090 fruetuum
1762 3025 1905 3110 figuram,
1934 3027 2047 3090 omiffis
2080 3027 2205 3114 reliquis
2227 3030 2381 3094 attributis

732 3109 804 3176 Erit
839 3112 913 3197 ergo
942 3112 1029 3176 nobis
1058 3111 1153 3176 Arbor
1177 3114 1311 3199 racemfft
1338 3111 1538 3190 Maubarica,
1575 3112 1725 3176 duntaxat
1738 3109 1912 3176 describunt
1926 3111 2071 3175 Autorer.

722 3201 833 3285 fruito
860 3195 1006 3281 triquetro.
1060 3197 1112 3261 nd
1138 3196 1245 3262 Nucem
1277 3198 1433 3274 referrem,
1455 3195 1477 3261 st
1501 3196 1541 3260 de

732 3516 1015 3589 TRE'VIA
1079 3507 1550 3589 NUDIMORA.⁴
1708 3605 1716 3618 .
1831 3517 2128 3607 Nomenspecr'cum.

989 3704 1021 3749 -c
1044 3702 1064 3749 ι
1089 3704 1114 3749 Α
1138 3699 1191 3747 828
1206 3704 1228 3749 :1
1252 3700 1267 3749 t
1618 3599 1746 3667 Trm
1801 3686 1951 3769 Synonyma
1977 3688 2136 3755 authorum.

1617 3770 1743 3833 Τηνία.
2239 3785 2249 3799 ”

756 3874 813 3923 ιο
829 3872 888 3923 tx
906 3875 930 3919 n
948 3872 970 3919 rt
987 3873 1010 3919 υ
1027 3873 1050 3919 tt
1065 3874 1077 3919 1
1096 3873 1120 3918 Α
1164 3872 1193 3916 Μ
1212 3872 1270 3919 ort
1287 3874 1308 3918 o
1327 3872 1349 3917 o
1368 3872 1390 3916 rr
1409 3870 1431 3915 rt
1448 3872 1461 3916 1
1478 3873 1514 3918 Α.
1573 3855 1717 4002 cArbor
1727 3852 1880 3920 racemosa
1893 3855 2088 3935 malabarica,
2102 3857 2203 3923 frufitu
2220 3859 2378 3945 triquetro.

1604 3960 1667 4003 om.
1681 3956 1733 4023 30.

937 4044 940 4064 ¹
984 4023 1142 4089 Charaeter
1162 4024 1314 4108 generiem.
1870 4020 2093 4107 Observationes.
2230 4117 2235 4123 Ι

778 4140 855 4207 Cor.
884 4153 916 4206 ο.
962 4138 1033 4209 Cat.
1068 4141 1240 4230 3·phyllus,
1270 4140 1404 4226 superus.
1448 4130 1540 4217 caps.
1616 4135 1742 4202 Habitat
1756 4136 1788 4201 in
1803 4136 1945 4203 arenosis.
2149 4177 2153 4190 ·

736 4246 879 4315 scotta.
1544 4290 1548 4297 ,
1615 4223 1662 4287 Ad
1675 4221 1796 4291 claffem
1810 4220 1985 4289 Monoeciae
1994 4224 2137 4309 pertinet.
2226 4224 2336 4293 nrm.
