6092 6950
615 691 755 797 ‚t
993 649 1064 791 ff
1237 693 1859 793 uorsus

722 944 825 1030 aqua
852 916 984 1029 Canp’e
1010 936 1124 1030 epota
1141 908 1242 1000 cum¹
1263 917 1424 1000 floribus
1453 917 1577 998 ardori
1590 919 1730 1027 jecoris
1759 913 2028 1029 restinguendo
2046 917 2212 1017 confert,
2242 921 2377 1008 eadem

722 1032 767 1113 in
786 1033 920 1111 iterata
947 1030 1095 1110 lotione
1112 1032 1247 1141 capitis
1277 1059 1348 1138 pro
1379 1029 1566 1110 rubedine
1593 1031 1799 1112 oculorum
1831 1031 2042 1126 conducit3
2074 1034 2247 1115 medulla
2265 1036 2375 1118 fru'c-

723 1159 789 1225 tus
818 1142 882 1223 seu
911 1144 1029 1253 Coqui
1052 1142 1152 1220 valet
1179 1171 1249 1252 pro
1278 1141 1391 1220 sulcis
1427 1142 1503 1221 oris
1533 1142 1754 1237 masticata3
1786 1143 1920 1254 oleum
1947 1171 1996 1222 ex
2024 1145 2196 1224 medulla
2222 1166 2380 1228 extrac-

724 1271 815 1336 tum
842 1253 1013 1363 pustulas
1042 1253 1176 1362 capitis
1208 1252 1319 1361 pellit
1360 1252 1461 1332 facta
1502 1256 1768 1362 perunttione,
1813 1254 1918 1333 idem
1956 1254 2177 1362 proficuum
2219 1288 2378 1370 quoque

724 1365 782 1446 est
811 1394 882 1477 pro
906 1362 1261 1450 haemonhoidibus
1289 1365 1428 1444 eodem
1455 1365 1575 1444 modo
1603 1365 1857 1475 usurpatum;
1890 1393 2030 1474 pyrum
2059 1370 2165 1478 quod
2192 1397 2239 1450 ex
2284 1397 2384 1480 aqua

727 1480 773 1556 in
806 1478 967 1556 cavitate
999 1477 1116 1588 Caqai
1140 1476 1322 1556 excrescit
1350 1504 1444 1556 cum
1472 1505 1590 1585 oryza
1622 1477 1766 1558 tostum
1795 1463 1908 1557 datur
1934 1506 2005 1587 pro
2034 1479 2120 1560 ruffi
2148 1509 2198 1562 ex
2228 1483 2379 1564 melan-

727 1585 861 1668 cholia
887 1608 989 1680 nata,
1019 1616 1068 1668 ex
1109 1588 1253 1668 cortice
1281 1587 1424 1668 arboris
1467 1590 1702 1698 exprimitur
1728 1591 1861 1671 oleum
1889 1617 2064 1700 quocum
2106 1594 2268 1706 ungitur
2294 1623 2379 1706 pars

728 1697 866 1784 arem
891 1700 1031 1785 morbo
1063 1716 1228 1781 cucaneo
1251 1716 1343 1780 nato
1371 1727 1420 1781 ex
1449 1700 1661 1784 vermibus.

1270 2019 1819 2149 ‘Fto.1.2.3.4,

777 2257 1053 2326 Palmarumvarias
1066 2259 1197 2324 inveniri
1218 2259 1344 2343 species,
1362 2260 1410 2326 vel
1424 2261 1541 2326 medio·
1570 2259 1725 2336 desideret,
1737 2261 1824 2325 adeat
1834 2259 2021 2329 celeberrimi
2044 2261 2083 2328 G.
2100 2261 2209 2350 Pisonis
2223 2263 2382 2344 Hr'storimrt

732 2349 826 2410 criter
848 2347 880 2408 in
897 2345 1055 2411 Botanicis
1072 2347 1241 2410 exercitato
1267 2345 1334 2410 satis
1353 2345 1397 2408 est
1419 2362 1540 2410 notum.
1571 2346 1728 2410 naturalem
1750 2345 1852 2422 India,
1876 2349 1929 2428 qui
1946 2345 2069 2410 testatur
2091 2349 2129 2412 ab
2154 2351 2263 2416 incolis
2280 2351 2379 2418 Brast·

733 2431 771 2496 C.
790 2431 939 2496 Bauhinur
958 2433 992 2494 in
1005 2429 1112 2495 Pinare
1129 2431 1330 2516 quadraginta
1344 2432 1457 2516 septem
1469 2454 1539 2514 pro·
1574 2432 1662 2494 lianis
1685 2433 1788 2496 vocari
1817 2431 1959 2515 Inajagua
1982 2433 2076 2514 fuiba,
2098 2435 2127 2498 δι
2153 2433 2271 2520 singula
2292 2437 2380 2514 solia,

732 2519 836 2600 ponit,
858 2517 888 2580 δι
906 2519 987 2580 hanc
1002 2516 1126 2600 quidem
1147 2517 1275 2600 primam
1296 2517 1448 2594 recenset,
1463 2518 1542 2580 inter
1576 2518 1666 2600 pedes
1679 2519 1800 2582 circiter
1821 2517 1950 2582 sedecim
1965 2517 2022 2580 esse
2036 2518 2148 2603 longa:
2172 2519 2267 2604 aquo
2278 2521 2383 2588 tamen

732 2601 856 2668 Palmae
870 2601 997 2666 Nucem
1013 2602 1154 2676 ferentes,
1176 2603 1302 2664 nomine
1313 2599 1425 2664 Palma
1439 2601 1544 2666 Inalicae
1577 2625 1640 2666 non
1652 2599 1828 2666 dissentiunt
1841 2606 1972 2666 Autorea
1980 2601 2086 2680 nostri,
2098 2605 2172 2669 dum
2185 2628 2221 2670 ea
2233 2607 2384 2672 duntaxat

733 2686 886 2777 Cacciserae
914 2687 1062 2773 angulosae,
1081 2685 1186 2772 Iatfiat
1212 2685 1290 2765 Indi,
1313 2687 1344 2749 id
1373 2687 1429 2766 est,
1452 2685 1544 2752 Nucis
1579 2687 1812 2767 sesquicubitum
1828 2709 1949 2772 aequare
1965 2687 2110 2753 asserunt:
2127 2691 2382 2777 cumilludquod

733 2773 840 2839 Indica
856 2770 1022 2837 Avicennae.
1481 2797 1486 2802 ·
1579 2777 1707 2836 Antores
1721 2772 1811 2835 nostri
1829 2793 1947 2836 ramum
1961 2789 2083 2849 vocent,
2107 2775 2239 2860 &Pisone
2258 2778 2382 2854 solium,

780 2855 865 2920 Cum
894 2873 998 2922 autem
1027 2857 1060 2922 in
1088 2857 1238 2945 plerisque
1280 2870 1345 2922 tam
1373 2856 1543 2922 Orientalis
1578 2858 1706 2922 &illud
1728 2858 1811 2942 quod
1836 2859 1874 2922 ab
1905 2861 2076 2923 Autoribus
2102 2861 2225 2940 folium,
2256 2865 2295 2928 ab
2320 2864 2383 2945 ipso

734 2964 832 3030 quam
850 2938 1063 3008 Occidentalis
1081 2943 1179 3008 Indiae
1205 2943 1394 3028 regionibus,
1418 2943 1541 3026 praeser-
1578 2941 1723 3006 soliorum
1743 2942 1790 3006 ala
1810 2955 2018 3026 nuncupetur.

734 3031 794 3094 tim
824 3027 901 3092 locis
934 3029 1106 3107 maritimis,
1130 3029 1249 3110 copiose
1282 3030 1448 3112 germinet,
1470 3029 1543 3090 binc
1620 3027 1735 3092 Praeter
1748 3041 1850 3090 autem
1864 3029 1962 3091 varios
1977 3029 2059 3110 usus,
2081 3029 2120 3094 ab
2142 3029 2209 3096 aliis
2229 3053 2384 3099 memora-

734 3116 839 3198 paffim
850 3116 915 3198 ejus
935 3110 1089 3176 historiam
1106 3112 1242 3196 pluribus
1263 3113 1387 3176 tradunt
1400 3127 1541 3176 autores:
1578 3127 1639 3192 tos,
1661 3133 1740 3196 quos
1757 3112 1927 3176 humanum
1942 3114 1975 3176 iu
1994 3115 2193 3200 commodum
2215 3118 2387 3202 suppeditat

737 3200 769 3264 br
792 3199 942 3280 imprimit
956 3219 1019 3279 prae
1033 3198 1099 3261 aliis
1122 3197 1250 3262 Garzr'at
1273 3199 1311 3260 ab
1325 3196 1430 3273 Horta,
1453 3195 1483 3260 bt
1510 3199 1543 3260 in
1580 3195 1917 3274 santabarenum
1932 3219 2057 3283 quoque
2072 3199 2171 3264 fundit
2186 3203 2385 3287 peculiarem,

734 3305 809 3348 eum
824 3282 939 3368 Clusius.
986 3281 1076 3346 Vires
1091 3281 1343 3369 quoque&usus
1353 3280 1444 3347 fusnis
1454 3304 1543 3346 enar·
1580 3282 1678 3368 qualis
1697 3282 1773 3345 mibi
1804 3283 1863 3345 boc
1892 3303 1975 3346 anno
2003 3305 2042 3346 ex
2066 3283 2166 3348 Zeilan
2186 3285 2387 3356 laudatissima

736 3385 807 3434 rant
834 3367 1002 3432 Hernandes
1020 3368 1049 3431 δι
1070 3368 1219 3448 Rerchius,
1240 3366 1413 3432 Plataearum
1440 3367 1546 3432 Maxi·
1581 3369 1674 3432 totius
1697 3367 1779 3432 orbis
1806 3367 1916 3444 insula,
1940 3367 2049 3433 allata:
2072 3367 2191 3434 constat
2212 3393 2247 3436 ea
2269 3393 2309 3436 ex
2324 3373 2387 3440 sar·

622 3484 626 3490 ·
736 3477 824 3521 ranar
891 3451 1014 3539 historia
1027 3453 1097 3517 libro
1109 3454 1202 3532 tertio,
1226 3453 1279 3519 ubi
1304 3455 1343 3519 ab
1357 3453 1466 3519 incolis
1495 3475 1544 3517 ar·
1582 3452 1691 3517 mentis
1717 3451 1853 3517 medium
1877 3452 2009 3538 digitum
2039 3452 2121 3529 latis,
2144 3455 2326 3525 &funiculi
2352 3459 2387 3526 in

738 3542 845 3614 borem
881 3561 938 3603 auc
953 3538 1054 3621 Coyolli
1065 3542 1169 3603 vocari
1185 3542 1347 3616 affirmant,
1360 3537 1546 3623 diversasque
1582 3537 1708 3602 modum
1730 3540 1763 3601 in
1788 3537 1917 3621 longum
1943 3540 2101 3621 portastis,
2124 3540 2235 3607 coloris
2256 3544 2386 3611 subfusci

738 3628 805 3712 ejus
823 3625 854 3687 in
878 3646 958 3687 nova
979 3622 1125 3706 Hispania
1145 3625 1294 3687 observari
1314 3626 1437 3706 species.
1581 3625 1611 3687 δι
1633 3623 1789 3704 pellucidi,
1813 3622 1925 3705 saporis
1954 3638 2056 3687 autem
2090 3627 2165 3689 lenti
2194 3630 2224 3692 bt
2255 3633 2387 3712 praepin·

729 3759 734 3769 .
785 3708 1050 3772 Accuratiffimam
1062 3724 1166 3772 autem
1181 3709 1271 3795 hujus
1282 3708 1410 3785 arboris,
1424 3708 1547 3793 ejusque
1583 3708 1671 3789 guis:
1696 3704 1841 3787 quasnam
1868 3706 1939 3768 verb
1964 3706 2101 3772 obtineat
2119 3712 2197 3777 vires
2227 3714 2257 3777 δι
2287 3716 2386 3783 lacul-

742 3794 959 3859 attributotum
992 3793 1239 3879 descriptionem,
1275 3790 1297 3854 si
1325 3792 1393 3877 quis
1428 3790 1550 3876 insuper
1584 3805 1672 3867 tates,
1697 3789 1846 3855 addiscere
1861 3806 1914 3855 aut
1927 3793 2056 3875 experiri
2073 3796 2213 3863 nondum
2227 3798 2328 3867 licuit.
2374 3846 2377 3853 -

786 4314 820 4421 b
844 4353 878 4420 O
901 4352 930 4418 C
953 4349 986 4416 O
1010 4351 1029 4419 S
1088 4348 1125 4416 N
1148 4350 1179 4415 U
1203 4350 1232 4413 C
1254 4348 1268 4413 Ι
1291 4350 1317 4416 F
1340 4350 1368 4415 E
1390 4348 1422 4414 R
1443 4348 1484 4414 A.
1829 4346 1977 4433 synonyma
1998 4351 2155 4419 authorum.

1014 4485 1034 4529 c
1059 4482 1078 4527 ι
1103 4484 1126 4529 Α
1150 4488 1165 4529 ,
1187 4488 1201 4531 s
1225 4486 1238 4530 1
1263 4486 1277 4531 3
1343 4449 1350 4459 ‘
1628 4441 1731 4511 Cocos
1742 4449 1901 4513 frondibus
1914 4453 2068 4535 pinnatis:
2093 4454 2205 4519 foliolis
2220 4456 2391 4547 ensrforrpi-

722 4575 815 4653 ,Η
837 4605 859 4651 1.
882 4604 912 4649 Μ
936 4598 970 4645 Ε
1021 4600 1132 4646 ΗΝ
1156 4600 1179 4645 N
1203 4600 1228 4645 A
1252 4600 1276 4644 T
1300 4600 1313 4645 ι
1338 4601 1358 4647 F
1382 4602 1443 4651 οι
1468 4596 1481 4642 1
1506 4593 1551 4638 AE.
1587 4532 1821 4615 busreplicatis.
1865 4532 2023 4623 Jacq.hss.
2039 4552 2061 4603 t.
2084 4538 2152 4603 168.

1767 4706 1773 4721 ,
1861 4706 1866 4719 Ι
1915 4622 2074 4769 pinnatis:
2092 4625 2204 4723 foliolis
2220 4626 2390 4693 entisormi-

983 4780 1141 4845 Clarasser
1156 4778 1308 4866 gararicus.
1585 4702 1653 4870 23⁸1.
1670 4706 1967 4875 infligmsiaylsssrigiff
1980 4707 2097 4872 alm
2127 4712 2197 4797 clrff.
2224 4712 2264 4794 48
2269 4737 2299 4798 3,
2341 4714 2390 4781 pl,

791 4920 909 4991 Mage·
954 4922 1018 4988 Cal·
1062 4922 1238 5004 &partitum
1297 4922 1379 4999 Cor..
1403 4926 1548 5011 :ppeffla'
1629 4872 1734 4939 Palma
1750 4876 1852 4940 indica
1873 4880 2024 4941 coccisera
2039 4878 2195 4966 angulosa.
2220 4880 2314 4950 Bauh.
2328 4882 2390 4968 pin.

746 5010 835 5075 Sum·
853 5011 884 5073 ⁶·
1585 4976 1734 5109 ⁵0i'irlma
1752 5046 1852 5111 indica
1863 5049 2010 5113 nucisera.
2039 5029 2135 5115 Raab.
2151 5053 2214 5141 hist.
2235 5077 2262 5120 1.
2271 5071 2304 5141 p.
2316 5006 2391 5145 375,

733 5090 1244 5265 -nllllf‘·1>lla{;tt‘li¹¹⁵·
1293 5090 1360 5158 ⁰⁰⁸
1402 5098 1551 5182 ³'p“³¹²'
1629 5130 1777 5217 0²¹³tt2·
1822 5134 2183 5225 Retraham-1·
2211 5160 2243 5205 2·

1629 4614 1733 4683 Cocos
1748 4619 1907 4685 frondibus

1887 5305 2107 5395 Observationes.

1004 5382 1115 5455 Nomen
1128 5391 1208 5477 speci
1257 5414 1296 5459 nt.
1635 5403 1761 5469 Habitat
1771 5400 1802 5463 in
1815 5404 1962 5488 paludosis,
1986 5408 2122 5493 umbrosas.

792 5546 822 5614 C
912 5552 920 5569 .
1012 5556 1019 5569 .
1211 5564 1219 5579 ‚
1298 5566 1306 5579 ,
1416 5570 1466 5583 ..
1632 5488 1737 5555 Foliola
1759 5490 1860 5553 amnia
1876 5492 1986 5576 (exepto
2007 5494 2137 5582 utrinque
2163 5493 2271 5582 infimo)
2302 5510 2394 5563 mro.

823 5572 896 5615 ⁰⁶0⁸
912 5574 1048 5631 mesmtti
1069 5558 1171 5630 stand.
1189 5585 1343 5648 pinnatis:
1369 5567 1483 5637 foliolis
1506 5594 1554 5637 re·
1586 5574 1775 5661 plicatasunt.

746 5636 868 5720 plicatis
886 5638 1107 5712 ensdurmibus.
1633 5658 1779 5743 Μαησίια,
1802 5662 1960 5745 bexandra,
1980 5666 2103 5751 trigyna.

2125 5836 2398 5920 CAUN·
