6092 6950
1024 837 2049 966 Mananaurous'
2269 891 2343 994 ις

704 1121 2328 1298 sCHuNDaPANa‘

870 1372 877 1383 ’
1007 1371 1532 1486 cantora
1630 1369 2019 1479 uanus

1269 1659 1291 1667 ⁰
1472 1670 1529 1747 G.
1595 1693 1658 1748 11.

685 1807 1091 2054 SChunda-Pand,
1121 1806 1240 1916 Ling.
1273 1673 1403 1889 Branll.
1422 1670 1731 1896 IBauli-Madd,
1762 1799 1815 1880 est
1850 1797 1962 1878 arbor
1989 1822 2146 1908 procera
2175 1800 2333 1883 nascens

802 1926 845 2004 in
867 1923 1042 2003 arenosis.

839 2061 963 2142 Radrir
990 2061 1044 2140 est
1066 2060 1344 2142 ruso-obscuro
1366 2058 1511 2142 cortice
1534 2056 1717 2147 obducta,
1748 2033 1853 2134 intus
1880 2053 1922 2132 in
1947 2051 2078 2132 medio
2095 2047 2206 2158 ligno
2225 2050 2332 2130 mol·
2399 2135 2406 2142 ,

679 2169 785 2266 liori,
816 2172 924 2252 fibris
945 2170 1151 2284 hincinde
1179 2173 1323 2255 vestita.
1402 2222 1404 2224 -
1988 2189 1992 2198 “

739 2315 888 2396 Caudex
905 2314 1059 2394 ambitu
1077 2316 1305 2425 amplexum
1332 2315 1503 2396 duorum
1527 2308 1740 2390 hominurn
1771 2305 1940 2416 implens
1968 2305 2010 2383 in
2038 2303 2236 2413 superficie
2254 2307 2331 2385 ob-

681 2425 821 2505 ductus
850 2426 994 2506 cortice
1016 2428 1081 2505 seu
1098 2429 1229 2537 potius
1249 2428 1373 2508 crusta
1400 2428 1550 2506 cinerea
1577 2450 1664 2531 quae
1678 2418 1839 2529 deglubi
1865 2417 2014 2525 nequit.
2075 2416 2140 2496 Ad
2165 2415 2333 2498 crustam

680 2533 735 2616 est
753 2536 863 2645 ligno
890 2537 990 2618 du'ro
1018 2535 1177 2619 interius
1197 2539 1328 2618 medio
1346 2539 1470 2620 ferme
1488 2535 1660 2616 ambitus
1687 2531 1875 2610 diametro
1897 2529 2008 2638 ligno
2027 2525 2155 2608 molli.
2195 2555 2197 2564 ¹

658 2679 662 2683 ’
736 2677 853 2756 Remi
868 2677 938 2783 qui
962 2703 1012 2755 ex
1041 2674 1199 2754 caudice
1224 2671 1398 2755 ordinate
1427 2673 1621 2781 prodeunt
1646 2697 1689 2750 ac
1709 2667 1844 2747 ordine
1863 2664 2055 2745 decuffato
2082 2664 2167 2744 bini
2181 2667 2221 2744 δι
2245 2665 2332 2745 bini
2461 2693 2463 2700 ·

681 2787 786 2866 exse
808 2803 950 2865 mutuo
969 2787 1182 2894 exsurgunt
1204 2814 1297 2864 cum
1328 2785 1424 2894 pede
1443 2783 1646 2863 caudicem
1676 2777 1964 2872 circumsident,
1995 2776 2331 2884 quemadmodum

679 2898 778 2977 rami
808 2893 948 3007 Tdnga
979 2923 1150 3004 eumque
1173 2897 1374 2976 reticulato
1393 2916 1477 2974 raro
1505 2894 1664 2987 cortice,
1695 2891 1807 2997 cujus
1833 2887 2031 2968 filamenta
2058 2914 2105 2966 ex
2125 2887 2202 2965 oris
2221 2886 2329 2995 pedis

681 3011 875 3119 originem
893 3009 1069 3101 sumunt,
1100 3008 1433 3100 circumvestiunt,
1463 3007 1631 3113 suntque
1660 3005 1702 3082 in
1731 2999 1827 3112 pede
1847 3018 1981 3079 tenues
2008 3003 2047 3078 dc
2073 2999 2170 3089 cavi,
2201 3026 2244 3075 ac
2265 3015 2329 3076 to-

680 3121 856 3199 mentosa
873 3119 959 3200 rufa
980 3120 1165 3228 lanugine
1189 3115 1356 3200 exterius
1379 3119 1508 3212 obfiti,
1540 3145 1582 3196 ac
1613 3120 1717 3194 tactu
1735 3112 1843 3191 velut
1866 3111 2043 3202 coriacei,
2074 3110 2246 3187 interiori
2264 3109 2329 3187 su-

681 3231 837 3340 perficie
862 3231 1071 3312 albicantes
1091 3232 1156 3310 seu
1183 3233 1287 3326 ruffi,
1317 3228 1477 3327 inferius
1497 3229 1664 3321 latiores,
1695 3243 1800 3335 parte
1819 3222 2018 3334 superiori,
2049 3218 2170 3328 quoa
2195 3221 2329 3299 caudi-

680 3369 726 3421 ce
751 3343 1013 3438 reflettuntur,
1045 3343 1133 3422 sunt
1153 3343 1395 3422 rotundiores
1422 3346 1462 3421 ἃ
1490 3339 1640 3420 duabus
1669 3337 1819 3416 lacunis
1844 3336 1930 3410 latis
1957 3331 2119 3408 interius
2143 3331 2329 3437 utrinque

680 3452 724 3531 in
752 3453 919 3561 longum
941 3454 1074 3544 striati,
1104 3480 1153 3530 ex
1176 3454 1320 3557 quibus
1350 3447 1475 3533 versus
1508 3451 1700 3553 oppositas
1720 3460 1844 3551 partes
1865 3436 2036 3519 surculos
2063 3435 2244 3519 foliac‘eos
2260 3442 2331 3550 qui

681 3554 869 3672 angulati,
898 3561 1052 3653 virides,
1082 3559 1243 3636 interius
1276 3560 1407 3636 striati,
1428 3562 1531 3648 lunt,
1561 3579 1605 3631 ac
1631 3553 1678 3631 ad
1704 3568 1890 3632 'exortum
1915 3550 2184 3631 extuberantes
2211 3552 2330 3632 emit·

681 3691 787 3767 tunt,
814 3673 982 3752 exterius
1000 3668 1139 3749 virides
1168 3697 1212 3747 ac
1245 3667 1366 3778 pilosa
1397 3666 1595 3774 lanugine,
1625 3692 1713 3771 quae
1744 3660 1859 3743 facile
1884 3660 2003 3739 deteri
2033 3662 2169 3771 potest,
2201 3663 2330 3760 obsiti,

681 3784 789 3865 intus
808 3783 1017 3864 filamentis
1037 3779 1195 3891 lignofis
1222 3778 1307 3857 laxe
1325 3778 1505 3888 pertexti,
1536 3775 1703 3883 suntque
1716 3773 1768 3853 ob
1784 3772 1940 3882 lignum
1959 3800 2131 3882 paucum
2156 3772 2272 3856 leves.

737 3930 843 4011 Folia
861 3930 904 4009 in
922 3927 1085 4008 surculis
1108 3951 1308 4006 ramorum
1335 3925 1383 4003 ad
1408 3923 1634 4004 interiorem
1657 3940 1806 4032 partem
1831 3922 2062 4001 exoriuntur
2089 3924 2241 4003 caulem
2264 3925 2328 4003 in-

680 4039 895 4134 vestientes,
925 4067 969 4119 ac
988 4037 1114 4118 versus
1141 4036 1233 4117 duas
1248 4034 1437 4146 oppofitas
1453 4052 1577 4144 partes
1595 4033 1764 4126 obversa,
1785 4032 1951 4141 suntque
1969 4033 2141 4141 oblonga
2160 4062 2203 4113 ac
2221 4037 2329 4117 velut

674 4152 908 4260 ‚triangulari
932 4150 1084 4229 ambitu
1105 4147 1457 4255 circumscriptam
1481 4173 1558 4224 una
1585 4163 1691 4254 parte
1709 4146 1897 4223 anteriora
1914 4142 2041 4222 versus
2067 4142 2234 4253 longiori
2248 4174 2329 4247 ora,

681 4263 725 4341 in
750 4263 866 4341 altera
897 4290 985 4371 quae
1020 4258 1221 4341 surculum
1246 4254 1427 4367 proxime
1452 4258 1661 4365 contingit,
1693 4255 1858 4334 breviori
1883 4255 2138 4348 excurrentia,
2165 4284 2209 4337 ac
2234 4286 2330 4339 cum

682 4373 833 4453 duabus
861 4374 939 4453 oris
966 4372 1014 4451 ad
1046 4388 1228 4451 exortum
1254 4369 1446 4479 angulum
1471 4370 1621 4448 rectum
1651 4384 1812 4445 acutum
1845 4366 2064 4461 efficientia,
2094 4385 2210 4476 atque
2236 4370 2330 4453 adeo

684 4479 852 4565 anterius
871 4483 1019 4576 latiora,
1049 4483 1154 4561 acin
1180 4481 1361 4561 anteriori
1375 4508 1453 4573 ora,
1484 4508 1571 4589 quae
1591 4479 1691 4557 inter
1715 4479 1808 4559 duas
1825 4476 1996 4557 laterales
2015 4478 2243 4560 intermedia
2260 4483 2328 4577 est,

681 4622 726 4675 ac
752 4622 848 4675 cum
866 4623 933 4674 ora
950 4593 1123 4673 interiori
1141 4619 1185 4672 ac
1217 4592 1383 4671 breviori
1401 4592 1593 4700 angulum
1618 4589 1818 4682 obtusum,
1848 4616 1943 4667 eum
1968 4592 2148 4671 exteriori
2169 4619 2213 4672 ac
2237 4593 2327 4673 lon-

681 4708 782 4815 giori
804 4708 995 4815 angulum
1020 4723 1182 4785 acutum
1213 4703 1347 4797 efficit,
1378 4702 1602 4811 cuspidibus
1632 4703 1755 4780 acutis
1780 4701 2004 4794 eminentia,
2034 4701 2200 4811 suntque
2228 4732 2327 4783 con-

679 4836 834 4898 textura
851 4818 986 4927 rigida,
1016 4816 1123 4895 venis
1147 4842 1196 4894 ex
1215 4814 1360 4923 angulo
1384 4832 1540 4893 exortus
1560 4811 1856 4923 prodeuntibuS,
1887 4839 1973 4920 quae
1987 4814 2101 4892 certis
2116 4811 2327 4895 intervallis

682 4928 790 5007 velut
806 4926 918 5007 nervi
926 4929 1140 5007 eminentes
1160 4927 1202 5006 in
1227 4924 1377 5006 adversa
1394 4944 1500 5036 parte
1525 4924 1769 5016 extuberant,
1800 4923 1926 5002 striata
1939 4924 1981 5003 in
1996 4924 2177 5032 longum,
2193 4924 2326 5037 super·

681 5036 771 5117 ficie
790 5058 952 5145 utraque
976 5037 1109 5146 glabra
1127 5065 1170 5116 ac
1201 5032 1433 5130 viridisusca,
1465 5039 1505 5119 δε
1522 5036 1630 5116 valde
1650 5035 1840 5127 nitentia3
1870 5033 1966 5114 solia
1980 5062 2066 5144 qua
2092 5037 2133 5115 in
2159 5036 2326 5119 summi·

681 5167 760 5230 tate
777 5176 977 5231 ramorum
994 5150 1174 5228 oriuntur
1186 5177 1234 5228 ex
1249 5174 1358 5229 ramo
1373 5166 1559 5257 tanquam
1577 5146 1679 5237 costa
1702 5146 1931 5226 intermedia
1952 5147 2253 5255 protenduntur.

737 5290 865 5371 Floras
892 5291 932 5368 &
952 5291 1117 5370 Fmslus
1140 5288 1182 5365 in
1202 5287 1320 5395 caplis
1344 5286 1542 5395 oblongis,
1563 5314 1649 5395 quae
1664 5313 1713 5367 ex
1727 5285 1885 5369 caudice
1904 5283 2015 5393 supra
2036 5286 2228 5395 originem
2242 5286 2326 5367 sur·
2416 5335 2421 5351 ·

680 5398 865 5481 culorum
886 5399 1141 5479 soliaceorum
1173 5396 1425 5477 transversum
1458 5398 1665 5527 prodeunt,
1695 5426 1738 5478 ac
1764 5398 1943 5505 oblonga
1974 5396 2063 5489 sunt
2088 5408 2215 5477 unum
2235 5398 2324 5477 bta·

683 5508 836 5605 chium,
866 5540 910 5592 ac
944 5530 1111 5621 quatuor
1149 5510 1370 5619 quinqueve
1407 5508 1594 5589 viridibus
1629 5508 1835 5588 scutellatis
1878 5508 2089 5595 corticibus
2133 5508 2323 5603 constant,

682 5620 797 5701 simul
830 5625 1063 5732 proveniunt
1087 5621 1248 5703 surculis
1272 5620 1498 5717 numerosis,
1529 5622 1599 5730 qui
1627 5620 1745 5731 capsis
1775 5620 1912 5729 apertis
1941 5646 1989 5698 ex
2018 5620 2063 5697 iis
2096 5639 2324 5729 erumpunt,

668 5758 726 5811 ac
759 5760 868 5812 ramo
900 5733 1214 5814 medio'craffiori
1242 5733 1460 5812 coronatim
1483 5732 1749 5843 circumpositi
1777 5735 1865 5811 ocio
1890 5731 1978 5841 plus
2010 5730 2141 5809 minus
2170 5730 2325 5813 cubitos

681 5842 792 5956 longi
806 5845 973 5929 evadunt
1000 5849 1039 5929 be
1052 5872 1185 5959 graves
1201 5844 1331 5928 fascias
1346 5844 1589 5934 constituunt
1603 5844 1718 5933 denso
1733 5842 1866 5928 ordine
1882 5838 1981 5927 aras
2001 5840 2218 5927 irridentes.
2235 5850 2237 5855 '

679 5988 682 5996 ’
1906 5984 1910 5991 “
2226 5982 2325 6061 Sunt
