6092 6950
975 823 1944 936 narnanu1ous
2219 869 2289 959 41

717 1043 2352 1276 connanaarrr‘

741 1347 745 1354 ’
866 1318 1512 1517 scansoorn
1608 1392 1993 1503 curra

1312 1768 1483 1850 FlG.
1545 1795 1611 1875 24·

747 1912 1025 2000 oldam-Pam
1063 1915 1128 1996 seu
1143 1953 1149 1960 ·
1163 1914 1392 2012 ott-Pulli,
1422 1918 1521 2028 ling.
1556 1919 1686 1998 Bram.
1728 1915 1937 2012 Ddrambd,
1968 1918 2022 2002 est
2049 1875 2162 2000 arbor
2193 1915 2313 2034 pro?

630 1925 748 2168 C
770 2054 869 2125 cera,
899 2029 1057 2110 nascens
1083 2030 1124 2108 in
1140 2029 1323 2122 arenosis,
1353 2029 1477 2110 densas
1506 2032 1547 2110 te
1575 2030 1704 2139 opacis
1731 2027 1937 2110 frondibus
1956 2029 2033 2110 late
2051 2031 2197 2142 spars1s.
2294 2117 2296 2124 ,

684 2252 811 2334 Radix
834 2252 949 2333 crassa
977 2248 1134 2332 brachia
1152 2253 1216 2332 seu
1244 2275 1372 2332 ramos
1401 2251 1537 2332 subtus
1563 2279 1606 2332 ac
1632 2253 1903 2362 superterram
1932 2251 2009 2333 late
2044 2253 2285 2352 diffundens,

624 2365 775 2442 cortice
806 2364 1208 2458 albicante-subflavo,
1238 2366 1308 2472 qui
1341 2363 1466 2444 crusta
1494 2364 1708 2472 nigricante
1745 2365 1938 2444 obductus
1976 2364 2044 2460 est,
2074 2368 2114 2446 dt
2144 2367 2214 2447 sub
2241 2371 2286 2449 eri

624 2473 810 2571 rubescit,
841 2476 952 2585 ligno
980 2474 1173 2556 albicante
1200 2477 1240 2556 de
1265 2475 1436 2556 subflavo
1461 2475 1579 2556 incisa
1611 2476 1869 2588 perviscosum
1895 2474 2105 2560 humorem
2134 2481 2206 2588 qui
2226 2479 2284 2562 sa·-

623 2586 733 2693 poris
755 2588 816 2668 est
840 2585 1004 2682 nullius,
1034 2587 1221 2670 exudans

627 2892 631 2896 r
684 2810 834 2892 Caudex
865 2810 1018 2892 ambitu
1046 2811 1218 2893 duorum
1244 2807 1458 2916 hominum
1486 2811 1715 2923 amplexum
1734 2811 1919 2924 implens,
1951 2814 2098 2896 cortice
2124 2841 2285 2927 quoque

624 2921 769 3003 eodem
791 2941 837 3004 ut
861 2923 1000 3018 Radix,
1030 2922 1142 3034 ligno
1160 2923 1367 3006 albicante.

684 3147 792 3228 Folia
811 3147 853 3227 in
880 3146 1045 3229 surculis
1071 3147 1229 3229 bina&
1257 3146 1349 3230 bina
1373 3148 1528 3258 petiolis
1555 3147 1751 3245 brevibus,
1781 3150 1986 3246 viridibus,
2017 3145 2177 3232 interiise
2197 3148 2283 3261 pla-

623 3256 687 3340 nis
712 3259 960 3369 proveniunt.
1021 3264 1199 3370 Suntque
1228 3260 1608 3370 oblongo-rotunda,
1638 3263 1827 3344 anteriora
1856 3264 1982 3344 versus
2009 3265 2050 3342 in
2080 3261 2282 3370 cuspidem

625 3371 845 3479 angustam,
876 3401 964 3481 quae
1001 3373 1129 3454 versus
1170 3401 1291 3452 unam
1324 3391 1474 3484 partem
1512 3370 1698 3454 nonnihil
1732 3373 1873 3453 inflexa
1897 3375 1965 3467 est,
1996 3375 2206 3465 contrasta,
2232 3374 2282 3452 ad

622 3483 820 3593 petiolum
847 3510 1007 3591 quoque
1032 3484 1173 3577 stricta,
1203 3512 1297 3563 cum
1316 3486 1392 3563 oris
1410 3484 1536 3564 versus
1563 3486 1752 3563 exteriora
1775 3482 1959 3565 nonnihil
1985 3484 2142 3578 inflexa,
2170 3482 2282 3565 sunt·

625 3618 705 3699 que
730 3611 961 3673 contextura
987 3592 1114 3687 crassa,
1155 3590 1264 3704 spilla
1290 3597 1331 3675 te
1359 3593 1492 3687 solida,
1522 3595 1657 3676 viroris
1695 3595 1737 3677 ia
1771 3600 1874 3677 recta
1898 3594 1999 3678 fusci
2027 3598 2068 3678 be
2105 3596 2281 3693 nitentia,

625 3703 670 3783 in
693 3703 843 3787 adversa
869 3704 978 3786 clari.

683 3930 748 4008 Ex
786 3930 890 4038 Costa
924 3928 1053 4008 media
1080 3957 1167 4037 quae
1209 3929 1251 4010 in
1288 3928 1440 4009 adversa
1483 3928 1561 4013 alte
1597 3932 1801 4013 extuberat
1827 3932 2059 4017 &tenuiter
2093 3934 2135 4012 in
2166 3936 2279 4025 resta,
2317 3916 2327 3934 ⁸

623 4040 777 4119 venulae
798 4041 1015 4148 procedunt
1031 4038 1204 4149 ,oblique
1224 4043 1413 4121 anteriora
1435 4042 1561 4122 versus
1587 4070 1674 4151 quae
1700 4044 1844 4125 solium
1873 4040 2053 4135 subeunt,
2085 4045 2184 4123 &in
2210 4044 2279 4123 ad-

625 4150 729 4229 versa
767 4171 874 4261 parte
916 4152 987 4231 sub
1025 4156 1214 4231 exteriore
1250 4151 1337 4232 folii
1364 4154 1537 4233 cuticula
1574 4156 1741 4235 tenuiter
1765 4157 2021 4265 prominent,
2052 4174 2279 4263 praetereas

624 4261 744 4341 nullae
772 4262 854 4343 aliae
879 4292 984 4357 yenae
1008 4264 1098 4343 sunt
1126 4264 1370 4374 conspicuae,
1406 4264 1511 4345 soliis
1535 4265 1644 4375 sapor
1668 4266 1722 4346 est
1747 4266 1894 4347 acidus.

680 4486 810 4567 Florer
832 4485 873 4565 in
895 4488 1039 4566 vertice
1055 4484 1302 4567 surculorum
1323 4487 1579 4569 soliaceorum
1594 4489 1822 4571 brevissimis
1845 4490 2078 4601 pedunculis
2100 4488 2284 4587 insident,

622 4597 790 4705 suntque
826 4598 1015 4679 incarnati
1050 4598 1115 4677 seu
1146 4599 1435 4679 rosaceo-saturi
1474 4604 1514 4680 de
1553 4600 1810 4697 flavescentes
1852 4604 2068 4683 constantes
2111 4619 2281 4711 quatuor

482 4716 489 4724 '
622 4705 729 4787 foliis
759 4709 950 4802 rotundis,
980 4707 1118 4821 parium
1144 4710 1325 4819 oblongis
1359 4714 1398 4792 dc
1430 4712 1557 4793 versus
1583 4714 1764 4793 interiora
1792 4712 2137 4806 cochleam-cavis
2168 4713 2279 4792 sunt-

622 4846 701 4927 que
725 4818 821 4899 folia
846 4822 1027 4901 crassa&
1046 4822 1160 4901 densa
1187 4823 1266 4901 fine
1294 4826 1402 4903 venis
1427 4826 1534 4904 intus
1565 4826 1688 4933 magis
1718 4826 2014 4909 flavescentia&
2044 4818 2210 4904 exteribs
2230 4820 2279 4903 ad

622 4956 732 5023 oras,
764 4933 805 5010 in
841 4932 973 5011 medio
1007 4933 1149 5013 florum
1178 4934 1320 5013 emicat
1349 4934 1533 5043 globulus
1574 4936 1707 5015 viridis
1743 4938 2013 5017 rudimentum
2052 4936 2201 5016 fructus
2235 4938 2277 5017 in

623 5043 714 5119 osto
740 5042 857 5122 latera
875 5043 1045 5151 oblonga
1073 5072 1141 5151 per
1169 5044 1273 5125 strias
1304 5046 1519 5141 distint‘lus,
1550 5047 1591 5125 in
1625 5049 1783 5141 vertice,
1814 5051 1986 5159 capitulo
2018 5049 2082 5128 seu
2110 5045 2276 5127 umbili-

623 5178 686 5245 c0,
717 5152 824 5261 quod
847 5180 896 5231 ex
916 5154 1086 5261 gemmis
1114 5155 1373 5236 albicantibus
1399 5158 1560 5251 constat,
1621 5186 1678 5238 uae
1707 5160 1813 5238 velut
1842 5160 1889 5239 ad
1917 5160 2079 5239 eandem
2108 5158 2277 5241 orbitam

623 5264 902 5355 extenduntur,
932 5265 1092 5359 obfitus,
1114 5266 1253 5376 ,estque
1290 5269 1553 5357 circumdatus
1587 5188 1825 5351 bominibus
1865 5272 2040 5353 surrectis
2070 5270 2276 5349 albicanti-

624 5372 711 5468 bus,
742 5403 829 5483 quae
856 5376 896 5455 in
926 5379 1069 5457 vertice
1095 5376 1344 5460 flavo-rubris
1371 5381 1527 5461 nodulis
1545 5380 1674 5462 dotata
1703 5382 1790 5463 sunt
1805 5421 1818 5478 3
1851 5382 1961 5465 flores
1981 5370 2108 5464 odoris
2129 5381 2276 5463 nullius

618 5485 662 5563 bc
689 5484 830 5597 saporis
857 5488 1042 5570 subacidi.

619 5812 646 5898 f
665 5708 796 5895 [faba
830 5711 884 5791 est
913 5730 1084 5823 quatuor.
1112 5714 1227 5797 viridi
1267 5716 1486 5800 dilutorum
1517 5717 1819 5817 flavescentium,
1865 5717 2277 5803 cochleare-caverna

640 5844 664 5896 o
696 5842 825 5901 orum.

482 6031 487 6041 .
618 6006 624 6022 ·
675 5960 805 6045 Tou.
823 5964 890 6049 1..
936 6007 938 6012 ·
1478 5980 1523 6065 G
2097 5974 2277 6064 Fruslas,
