6092 6950
733 877 799 970 16
1075 945 1079 955 ,
1241 871 1294 970 Η
1363 865 1768 968 01t1·u
1837 873 1865 964 S

744 1024 761 1062 Ι

790 1090 889 1168 Sunt
914 1101 1045 1165 autem
1075 1083 1185 1164 flores
1214 1085 1330 1196 spicei
1344 1125 1357 1179 ς
1388 1085 1759 1195 oblongo-rotundi,
1790 1111 1833 1164 ac
1859 1082 2106 1194 longiturbne
2146 1085 2268 1171 ferme
2300 1119 2380 1174 un·

733 1199 824 1282 ciali
849 1196 952 1280 redi
978 1195 1141 1276 surculis
1161 1198 1333 1306 impofiti
1352 1226 1395 1275 ac
1421 1195 1602 1280 nonnihil
1633 1197 1839 1310 posteriora
1858 1195 1983 1275 versus
2002 1198 2146 1292 reflexi,
2178 1205 2217 1282 bc
2238 1203 2322 1284 bini
2337 1231 2381 1284 ac

733 1311 820 1390 bini
845 1309 980 1419 paffim
1002 1336 1051 1387 ex
1081 1307 1233 1386 adverso
1259 1310 1306 1388 ad
1347 1311 1577 1391 seinvicem
1604 1309 1677 1402 srti,
1709 1306 1803 1389 cbm
1831 1309 1868 1387 se
1908 1310 2085 1417 aperiunt
2120 1312 2161 1388 in
2191 1313 2285 1407 du0,
2317 1314 2380 1394 sed

734 1419 907 1502 maxime
932 1449 975 1499 ac
1004 1420 1051 1499 ad
1079 1420 1280 1500 summum
1315 1424 1355 1500 in
1385 1425 1457 1500 tria
1489 1420 1598 1513 folia,
1630 1447 1716 1528 quae
1752 1421 1977 1500 surrecta&
2007 1422 2215 1531 cuspidata,
2246 1426 2381 1534 rigida,

735 1534 843 1627 dura,
874 1533 1002 1624 malla,
1033 1531 1152 1609 nullis
1189 1534 1341 1612 venulis
1378 1533 1593 1627 striatam
1637 1529 1795 1611 interibs
1835 1529 2018 1610 nonnihil
2052 1531 2384 1616 cochleam-cava

736 1647 841 1738 sunt,
872 1646 908 1724 se
936 1645 1129 1736 dividunt,
1161 1645 1219 1722 uti
1262 1648 1302 1726 δι
1336 1672 1528 1723 manuum
1562 1645 1748 1754 preffione
1777 1644 2032 1737 resolvuntur,
2063 1645 2193 1725 colore
2211 1644 2386 1756 primbm

735 1758 826 1837 sunt
858 1756 983 1848 viridi,
1013 1754 1100 1865 pbst
1119 1756 1357 1850 rubescente,
1388 1758 1452 1834 seu
1471 1755 1929 1866 purpureo-rubescente,
1960 1755 2049 1834 dein
2070 1755 2304 1852 flavescente,
2321 1759 2386 1840 alii

734 1870 869 1978 aperti,
899 1867 964 1945 alii
984 1866 1100 1946 clausa
1129 1885 1244 1975 atque
1263 1869 1357 1948 adeo
1375 1869 1493 1947 etiam
1513 1867 1647 1950 diverfi
1676 1865 1830 1960 coloris,
1862 1866 1927 1945 alii
1952 1867 2073 1960 rubri,
2105 1867 2170 1948 alii
2190 1871 2382 1952 coruleo-

733 1981 843 2060 rubri
865 1974 1043 2072 dilutibs,
1072 1978 1132 2056 vel
1161 1977 1359 2073 intenfiirs,
1390 1981 1455 2060 alii
1484 1979 1586 2060 flavi.
1621 1993 1642 2026 ¹¹

792 2103 988 2184 Emedio
1019 2100 1164 2183 horum
1204 2102 1421 2214 spiceorum
1462 2101 1652 2194 foliomm
1691 2105 1831 2184 emicat
1863 2103 2069 2214 penicillus
2114 2103 2380 2214 angustorum,

733 2217 939 2309 flavorum,
970 2216 1228 2295 surredlorum
1252 2245 1297 2296 ac
1322 2217 1541 2296 striatorum
1571 2217 1774 2309 foliorum,
1791 2243 1878 2324 quae
1892 2215 2009 2294 instar
2022 2217 2233 2296 staminum
2249 2217 2377 2296 sunt.-

731 2357 736 2366 '
792 2346 950 2423 Gemmae
966 2340 1168 2420 fruetuum
1181 2343 1298 2450 juxta
1322 2343 1466 2454 spiceus
1495 2343 1606 2423 flores
1636 2345 1695 2422 fiti
1728 2341 1829 2434 smrt,
1860 2342 2026 2449 suntque
2061 2344 2230 2422 minores
2260 2340 2381 2451 quam

734 2451 863 2547 flores,
894 2453 1069 2534 rotunda
1088 2481 1133 2532 ac
1161 2455 1202 2532 in
1231 2456 1373 2534 vertice
1405 2455 1625 2565 cuspidatae,
1656 2457 1695 2536 bc
1726 2483 1820 2534 cum
1849 2453 2006 2563 cuspide
2039 2455 2228 2533 anteriora
2256 2453 2382 2533 versus

734 2562 900 2659 reflexae,
930 2593 1016 2674 quae
1041 2562 1201 2645 floribus
1219 2565 1392 2646 deciduis
1421 2587 1622 2647 remanent
1646 2595 1690 2646 ac
1720 2567 1760 2645 in
1781 2566 1930 2645 fructus
1958 2565 2198 2645 excrescunt.

793 2696 893 2773 Sunt
921 2711 1051 2773 autem
1097 2693 1261 2787 studius,
1292 2723 1386 2798 cum
1426 2696 1468 2774 in
1498 2697 1644 2803 justam
1687 2693 1998 2802 magnitudinem
2037 2689 2252 2786 excrevere,
2283 2718 2382 2771 con·

734 2805 938 2885 fertiffimo
969 2803 1038 2884 suo
1066 2833 1231 2885 numero
1260 2805 1417 2886 fasciam
1450 2833 1650 2886 ramorum
1696 2806 1805 2886 valde
1836 2823 2052 2899 oneranteS,
2082 2803 2385 2913 plano-rotundi

736 2916 914 3010 surculis,
945 2919 1013 3025 qui
1028 2916 1146 2996 striati
1165 2916 1267 3011 sunt,
1299 2918 1377 2998 fine
1404 2919 1559 3028 petiolis
1588 2917 1809 3010 infidentes,
1841 2917 2137 3026 primumcum
2165 2916 2382 3008 immaturi,

735 3028 824 3107 duri
853 3056 897 3107 ac
921 3028 1074 3121 virides,
1104 3029 1193 3108 dein
1228 3030 1329 3123 flavi,
1360 3058 1403 3111 ac
1431 3031 1654 3111 vetustiores
1689 3027 1913 3120 rubicundi,
1945 3051 2039 3105 cum
2072 3023 2195 3136 probb
2224 3026 2392 3118 maturi,

735 3139 1136 3219 rubicundo-obscuri
1177 3144 1218 3222 δι
1257 3143 1436 3235 nitentes,
1466 3143 1683 3224 constantes
1722 3141 1867 3220 cortice
1898 3139 2006 3218 tenui
2039 3140 2079 3218 δε
2122 3165 2236 3217 carne
2276 3139 2386 3218 intus

732 3249 849 3329 molli
869 3254 909 3330 dc
929 3252 1056 3343 rubra,
1087 3280 1174 3360 quae
1201 3281 1251 3332 ex
1278 3253 1391 3363 gustu
1419 3253 1598 3364 linguam
1623 3247 1808 3334 acerrime
1825 3250 1969 3361 pungit
1987 3252 2027 3330 δι
2046 3249 2230 3329 lancinat.

792 3383 903 3460 Intus
924 3380 1068 3460 Semina
1086 3381 1150 3458 seu
1179 3383 1315 3461 Nu'clei
1329 3385 1408 3464 duo
1434 3384 1522 3463 duri
1547 3383 1650 3475 sunt,
1682 3399 1806 3461 totam
1832 3377 1955 3458 ferme
1988 3375 2241 3491 capacitatem
2272 3377 2361 3458 fruc

732 3510 798 3574 tus
830 3505 872 3571 're
898 3490 1036 3584 lentes,
1066 3490 1193 3570 forma
1224 3492 1401 3600 oblongi,
1432 3518 1511 3573 una
1538 3513 1644 3601 parte
1677 3490 1857 3582 rotunda,
1888 3490 2004 3569 altera
2034 3517 2111 3598 qua
2139 3489 2210 3585 sabi
2242 3510 2386 3570 mutuo

734 3522 991 3695 accumbunt,
1021 3601 1149 3711 plana,
1179 3602 1278 3682 striis
1309 3601 1501 3694 lacunosa,
1532 3601 1664 3687 colore
1697 3602 1865 3681 exterius
1896 3600 2027 3694 rubro,
2061 3628 2105 3682 ac
2136 3624 2250 3681 carne
2277 3602 2386 3684 intus

733 3714 926 3795 albicante
945 3713 1112 3795 coerulea
1129 3717 1169 3795 δι
1188 3715 1318 3795 rubra.
1476 3728 1478 3733 ’

1182 3844 1303 3956 Apud
1315 3844 1412 3955 hrffce
1431 3839 1593 3923 Medicus
1619 3869 1688 3920 non
1717 3838 1763 3949 est
1790 3838 1839 3918 in'
1857 3842 1936 3951 usu.

1412 3986 1450 4066 F
1477 3986 1507 4062 I
1531 3984 1580 4061 G.
1648 4006 1709 4067 ιι.
2026 3985 2028 3994 ’

779 4100 931 4163 Arborem
955 4098 1036 4161 hanc
1057 4095 1171 4163 Palma
1193 4094 1383 4183 Dmylr'ftrae
1406 4092 1464 4157 elle
1479 4092 1544 4174 spe·
1577 4088 1640 4167 hini
1655 4089 1756 4153 referri
1783 4084 1872 4172 polle,
1898 4085 2046 4173 opinarer.
2091 4086 2182 4171 Qin
2210 4090 2242 4154 δι
2267 4104 2386 4172 putem,

732 4187 828 4263 ciem,
852 4206 914 4248 non
929 4182 1069 4267 estquod
1085 4185 1154 4269 quis
1168 4184 1308 4246 dubitet:
1332 4180 1363 4244 dr
1379 4178 1434 4243 nili
1458 4178 1542 4241 fruc·
1578 4172 1709 4259 liguram
1748 4174 1834 4237 illam
1876 4196 1969 4259 quarn
2011 4174 2191 4241 Exrricorarr
2223 4175 2295 4241 Lib.
2333 4196 2384 4241 rr.

734 4272 785 4339 tria
801 4291 925 4335 carnem
936 4270 1074 4355 linguam
1089 4268 1235 4335 acerrime
1249 4288 1384 4352 pungere
1398 4264 1429 4328 δι
1443 4261 1541 4327 lanci-
1579 4259 1658 4343 Cap.
1674 4280 1738 4325 κη.
1769 4258 1975 4345 Chamaerr'pbrr
1997 4260 2159 4345 Peregrina
2176 4262 2313 4337 nomine,
2328 4283 2384 4329 ex·

733 4380 809 4423 nare
836 4356 986 4421 traderent
1012 4357 1159 4432 Antores,
1191 4374 1256 4416 non
1281 4349 1478 4416 incommode
1506 4348 1542 4409 ad
1580 4346 1665 4410 hibet
1689 4345 1808 4431 Clrrſsur,
1831 4347 1908 4410 nihil
1925 4344 2007 4409 aliud
2022 4344 2090 4425 else,
2113 4349 2205 4431 quarn
2228 4369 2385 4411 racemum
2520 4398 2523 4409 .

736 4442 869 4509 Palmam
893 4440 1086 4505 Americanam
1114 4436 1217 4504 fructu
1238 4436 1392 4500 racemosa
1406 4436 1441 4499 C.
1457 4434 1542 4499 Bau·
1578 4432 1770 4510 autfasciam,
1779 4432 1830 4496 cui
1841 4429 2029 4497 adhaeserunt
2038 4432 2386 4519 hujusarborisfrudlus.

800 4762 831 4828 C
854 4763 883 4828 A
906 4760 936 4827 R
957 4760 990 4825 Y
1014 4759 1048 4827 O
1070 4758 1107 4823 T
1130 4762 1159 4822 A
1228 4758 1262 4823 U
1285 4756 1315 4822 R
1335 4754 1365 4821 E
1386 4756 1422 4821 N
1443 4709 1474 4823 S.
1500 4719 1504 4723 Α
1577 4736 1726 4821 formibus
1741 4756 1866 4839 oblique
1881 4746 2059 4835 praemorlis.
2102 4748 2149 4815 Fl.
2164 4750 2245 4837 zeyl.
2265 4750 2339 4835 396.

1013 4882 1032 4925 c
1056 4878 1076 4925 n
1101 4879 1125 4921 n
1149 4880 1164 4924 s
1188 4878 1203 4924 s
1227 4879 1240 4924 1
1264 4881 1278 4924 ι
1484 4860 1489 4869 ’
1618 4841 1726 4907 Palma
1739 4842 1854 4913 indica,
1870 4838 1945 4901 folio
1956 4834 2169 4922 bieompofito,
2184 4838 2287 4903 frudlu
2299 4856 2385 4901 race-

736 4988 760 5041 9
783 4982 807 5028 Α
830 4980 851 5026 ¹⁶
875 4976 905 5023 ⁸¹
929 4972 962 5019 Β
1030 4970 1190 5019 ῊΗΝ
1208 4971 1272 5074 Ψ
1289 4972 1314 5018 τ
1332 4972 1345 5017 ¹
1362 4972 1381 5018 Ε
1397 4974 1418 5019 ⁰
1434 4970 1454 5017 ι
1471 4969 1485 5019 ¹
1501 4969 1547 5017 δ’
1578 4922 2061 5095 mlalmaRdlellyibler'zlblludu
2077 5010 2236 5074 acerrimo.
2281 5004 2385 5073 Plum.

974 5062 1134 5128 Charaeta
1148 5084 1303 5146 generatur.
1576 5098 1654 5184 spec·
1669 5082 1717 5185 3(
1925 5056 1937 5089 ²

739 5160 1049 5335 Stfflstgffimcal
1077 5160 1264 5231 mmmm&
1294 5156 1370 5225 0⁰¹·
1387 5160 1545 5246 Spalim·
1619 5178 1777 5270 Seguaster
1788 5183 1893 5269 rnajor.
1906 5180 2045 5267 Rumpb.
2055 5183 2137 5248 amb.
2154 5178 2384 5265 r.1a64.t.r4.

783 5338 810 5404 F
813 5356 920 5404 rum.
944 5332 1016 5399 Cal.
1031 5332 1123 5400 idem.
1143 5298 1226 5399 Cor..
1246 5332 1402 5418 3-partita.
1428 5326 1502 5397 Pin.
1518 5350 1547 5397 r.
1864 5304 2088 5417 Observationes,
2224 5400 2230 5412 ι
2308 5398 2315 5413 ι
2363 5393 2371 5408 .

1623 5397 1796 5465 Palmarum
1821 5424 1964 5469 omnrurn
1985 5401 2109 5467 hrstorra
2142 5395 2387 5478 frudrlicattonrs

1581 5486 1680 5551 adhuc
1716 5486 1893 5571 imperfedia
1921 5488 1976 5564 est,
2011 5510 2070 5553 nec
2105 5482 2214 5550 sufficit
2243 5480 2387 5547 industria

782 5623 921 5709 Caryota
936 5622 1036 5687 [rond.
1048 5623 1235 5707 bininnaris:
1258 5623 1371 5691 foliolis
1390 5624 1547 5689 cuneifor'·
1581 5571 1773 5722 ffheedi'fli
1785 5573 2048 5675 t²m⁰⁰.d⁶b⁶m¹l⁸
2063 5576 2095 5638 5¹¹
2111 5574 2157 5637 his
2172 5568 2320 5669 qlldqffid
2330 5562 2384 5667 ad:
2416 5607 2418 5621 '

1605 5679 1642 5722 uc
1656 5675 1732 5723 cern
1747 5672 1927 5723 rnrrotuerrt.
1972 5660 2103 5725 Utrnam
2118 5670 2231 5722 exotrcr
2241 5654 2385 5719 Botanrcr

740 5712 841 5790 ”ihm
856 5709 981 5793 ΜΨ
993 5708 1172 5793 mmm
1581 5744 1669 5811 nobis
1684 5744 1835 5809 traderent
1844 5740 1998 5811 distinctas
2009 5748 2117 5811 harum
2126 5740 2388 5839 species,&gene·

1000 5816 1149 5901 &mm
1171 5818 1329 5884 ΨΜ·
1384 5859 1390 5867 ·
1581 5850 1627 5905 ra,
1642 5832 1735 5897 etiarn
1745 5850 1783 5892 ex
1799 5829 1949 5897 structura
1964 5831 2132 5908 frondium,
2143 5848 2240 5914 quum
2253 5826 2342 5889 sertus
2358 5815 2388 5885 tc

782 5910 919 6005 caryota
933 5915 1090 5984 frondibus
1107 5917 1290 6005 bipinnatirz
1315 5912 1430 5985 foliolis
1441 5916 1549 5987 cunei·
1581 5916 1677 5986 rarius
1693 5914 1771 6001 apud
1787 5936 1844 5986 nos
1858 5916 1998 5990 floreant.
2041 5930 2043 5937 ’
2258 5910 2365 5975 [ANN-

931 6031 964 6111 4
1871 6111 1876 6119 Ι
2146 5995 2388 6090 BALA

730 5424 841 5491 ¹Bacca
855 5423 1018 5505 2-sperma.

998 5521 1283 5612 &mmmm
