6092 6950
740 820 806 926 sa
1091 795 1097 806 '
1260 787 1317 891 ‘n
1383 793 1433 891 0
1500 793 1551 890 R
1620 775 1671 888 Τ
1733 791 1787 894 U
1851 793 1887 892 S

737 1007 849 1092 fusca
871 993 1049 1121 quinque
1071 1006 1274 1102 soliorum,
1305 1035 1392 1116 qua
1420 1005 1572 1118 singula
1600 1005 1644 1088 in
1673 1005 1834 1118 fingulis
1860 1007 2088 1119 unguiculis
2107 1007 2297 1095 foliorum
2316 1011 2401 1098 diss

735 1122 862 1204 unere
882 1141 1016 1204 notata
1033 1121 1136 1202 sunt.
1331 1179 1334 1187 ·

795 1270 862 1350 Ex
884 1266 1016 1348 medio
1037 1264 1208 1374 exsurgit
1238 1265 1361 1376 Stylus
1379 1265 1609 1368 columnaris
1629 1264 1797 1362 striatus,
1827 1264 2016 1361 albicans,
2046 1266 2310 1350 circumdatus
2331 1271 2399 1351 in·

523 1397 533 1415 ‘
610 1442 625 1462 ,
739 1378 802 1462 fra
819 1381 972 1490 apicem
985 1377 1177 1487 penicillo
1199 1378 1496 1456 numerosorum
1513 1377 1865 1472 statuunculorum,
1887 1377 2091 1471 tenuium,
2122 1379 2396 1477 albicantium,

732 1520 830 1601 -quae
852 1491 959 1572 slavis
981 1488 1226 1570 lunularibus
1248 1489 1426 1598 apicibus
1452 1489 1584 1569 dotata
1601 1490 1704 1582 sunt,
1735 1517 1779 1569 ac
1802 1491 1914 1599 apice
1931 1516 2013 1598 quo
2033 1507 2142 1570 extra
2162 1495 2399 1602 penicillum

741 1603 868 1686 ferme
886 1602 1012 1711 digito
1035 1600 1244 1681 transverso
1261 1601 1433 1682 emicant
1452 1599 1626 1682 tortuosi
1648 1599 1807 1682 inflexo.

620 1726 623 1734 ¹
676 1835 686 1852 ,
800 1740 958 1822 Gemmae
976 1739 1128 1820 Florum
1156 1741 1304 1820 conica
1334 1740 1423 1821 sunt
1445 1741 1531 1851 post
1545 1733 1772 1853 'aperturam
1794 1741 1906 1822 flores
1925 1767 1976 1821 ex
1995 1735 2189 1823 albicante
2211 1743 2398 1854 magis&

743 1853 869 1961 magis
885 1850 1111 1944 flavescunt,
1141 1852 1181 1929 ἃ
1212 1851 1334 1962 spatio
1364 1855 1487 1933 trium
1520 1843 1673 1934 dierum
1704 1852 2063 1948 fusco-rubescunt,
2094 1882 2138 1936 ac
2170 1873 2257 1936 tum
2287 1855 2398 1936 soliis

742 1964 951 2044 contractis
971 1964 1012 2042 δι
1031 1961 1165 2042 clausrs
1185 1961 1288 2058 sunt,
1318 1984 1434 2073 atquc
1452 1993 1547 2045 curn
1566 1995 1613 2045 eo
1639 1967 1770 2047 colore
1788 1967 1958 2045 emortui
1977 1994 2025 2046 cx
2045 1967 2399 2076 calycedecidunt,

730 2075 912 2184 suntque
930 2073 1068 2154 sronde
1087 2103 1157 2184 per
1179 2094 1309 2161 totum
1327 2104 1476 2158 annum
1494 2077 1656 2158 floribus
1677 2079 1889 2159 numerosis
1910 2077 2117 2160 adornatae.

804 2216 987 2299 Floribus
1008 2212 1182 2296 deciduis
1214 2217 1389 2328 Capitula
1417 2212 1707 2300 flavo-rotunda
1723 2247 1769 2300 ac
1788 2218 2126 2330 quinquangulata
2144 2218 2397 2332 conspiciun-

740 2349 828 2425 tur,
858 2357 945 2438 quae
963 2329 1005 2406 in
1037 2326 1167 2436 calyce
1196 2326 1339 2410 florum
1358 2327 1554 2438 profundit
1573 2330 1719 2411 consita
1737 2331 1839 2426 sunt,
1869 2327 2095 2438 habentque
2114 2332 2232 2412 latera
2251 2333 2400 2412 nonni·

745 2440 806 2522 hil
836 2439 1046 2521 introrsum
1068 2438 1210 2520 inflexa
1220 2477 1234 2534 3
1266 2441 1436 2550 capitula
1464 2438 1549 2522 haec
1578 2441 1698 2522 incisa
1734 2443 1893 2537 flavum,
1924 2443 2176 2552 gummosum
2203 2442 2400 2551 liquorem
2456 2541 2459 2548 1

702 2564 707 2574 ’
746 2555 819 2662 qui
840 2550 1139 2634 Gutta-Gambae
1156 2551 1306 2646 fimilis,
1337 2552 1480 2743 saporis
1511 2571 1642 2637 autem
1672 2556 1712 2634 bc
1743 2555 1871 2638 odoris
1892 2553 2032 2633 debilis
2056 2581 2100 2636 ac
2123 2545 2310 2662 sylvestris
2329 2553 2398 2650 est,

748 2664 948 2757 exsudant,
979 2661 1236 2772 suntqueper
1263 2665 1366 2744 inter
1383 2665 1581 2775 epimenta
1610 2666 1842 2746 intermedia
1870 2665 1913 2744 in
1944 2665 2111 2775 longum
2128 2665 2320 2745 distinsta
2356 2666 2400 2746 in

747 2779 925 2884 quinque
943 2773 1114 2883 capsulas
1137 2801 1225 2882 quae
1253 2775 1412 2884 singula
1440 2805 1510 2886 per
1535 2778 1807 2860 intermediam
1838 2778 2079 2858 eminentem
2105 2778 2262 2862 corticis
2289 2777 2401 2858 sutu-
2482 2801 2487 2808 ·

685 2929 689 2932 ·
747 2912 832 2968 ram
852 2888 893 2965 in
913 2885 1272 2966 duo-loculamenta
1289 2888 1409 2968 divisa
1429 2889 1532 2970 sunt.

806 3020 963 3112 Semina,
992 3046 1080 3128 quae
1102 3021 1145 3098 in
1164 3021 1212 3098 iis
1232 3024 1377 3142 confita
1393 3022 1566 3132 oblonga
1586 3023 1686 3118 sunt,
1718 3023 1900 3120 trilatera,
1931 3037 2012 3103 u'no
2034 3024 2151 3104 latere
2170 3020 2339 3102 rotundo
2357 3022 2402 3100 in

749 3148 1032 3240 quoargenteo
1049 3131 1280 3241 lanuginoso
1301 3135 1446 3212 cortice
1465 3133 1706 3214 circumdata
1718 3135 1830 3230 sunt,
1861 3134 2031 3250 suntque
2047 3135 2178 3218 colore
2199 3133 2401 3244 spadiceo-

618 3300 631 3325 s
748 3239 847 3321 susci
869 3269 965 3321 curn
988 3243 1129 3322 nubleo
1148 3241 1342 3326 albicante
1360 3245 1568 3326 in‘medio.

803 3388 931 3470 Floret
947 3383 1031 3467 haec
1050 3386 1165 3468 arbor
1180 3386 1259 3471 sert
1277 3407 1363 3471 toto
1384 3403 1487 3472 a‘nno
1507 3391 1624 3474 ubere
1643 3405 1851 3506 proventu.

859 3694 863 3703 ι
1279 3576 1552 3659 VIRES
1621 3568 1866 3691 EJU&

806 3707 912 3791 Folia
930 3706 1108 3786 ulcerum
1129 3705 1317 3791 sanationi
1335 3712 1504 3797 strviunt
1521 3715 1571 3797 iis
1590 3716 1798 3828 applicata.

1431 3940 1598 4022 FIG.
1660 3968 1728 4050 29.

784 4057 966 4151 *sequentes
987 4059 1074 4160 lusce
1099 4064 1216 4163 plantas
1240 4066 1332 4135 Aac
1353 4068 1411 4135 effe
1435 4074 1559 4155 speclea
1588 4078 1639 4141 cui
1660 4076 1766 4141 flooem
1781 4073 1994 4161 magnitudine
2009 4066 2247 4158 rosae‘sydresirir
2260 4073 2399 4141 albican-

752 4145 1165 4245 nempvelmedrocrrterrn
1185 4150 1344 4221 Botanicis
1360 4162 1560 4239 exercitatus,
1587 4177 1663 4242 tern,
1700 4162 1830 4227 interius
1856 4162 1975 4226 luteum
2001 4159 2155 4237 adscribit,
2178 4156 2400 4225 statuendum?

751 4226 870 4293 lnfic¹²⁸
884 4231 951 4329 dyst·
1172 4266 1180 4283 ·
1446 4271 1453 4283 .
1555 4264 1559 4280 ·
1589 4248 1754 4315 Utverum
1776 4250 1883 4321 fatear,
1907 4268 2052 4333 magnam
2067 4244 2189 4311 videtur
2203 4243 2401 4311 haberecum

796 4312 852 4377 Sed
868 4336 962 4379 mrror
983 4314 1116 4415 Antores
1139 4338 1270 4405 quatuor
1287 4334 1467 4411 proponere,
1488 4330 1561 4396 crim
1588 4333 1690 4397 hac&
1707 4334 1723 4397 s
1759 4334 1844 4397 uenti
1855 4330 1966 4397 Planta
1979 4326 2208 4411 affinitatem&
2222 4328 2277 4393 nisr
2290 4331 2401 4395 florum

750 4408 814 4463 tres
828 4414 949 4499 tantum
959 4401 1142 4483 describant,
1166 4406 1338 4474 &totidem
1351 4410 1456 4479 leones
1471 4418 1559 4480 exhi·
1588 4415 1719 4482 obstaret
1754 4440 1843 4504 gura,
1864 4440 1958 4501 quam
1982 4416 2015 4481 in
2039 4414 2185 4481 leonibus
2197 4414 2325 4479 exhibet
2339 4415 2400 4479 Ca·

683 4572 691 4579 ·
752 4487 856 4549 beant.
901 4483 1002 4548 Prrnra
1016 4509 1091 4571 ergo
1106 4491 1195 4555 nobis
1205 4496 1263 4559 erit
1276 4496 1358 4560 Atrea
1372 4499 1561 4565 Masabaren·
1589 4506 1740 4581 merarius,
1778 4504 1887 4589 majori
1917 4525 1991 4567 cum
2020 4500 2147 4567 audacia
2175 4501 2252 4565 certi
2283 4500 2399 4587 aliquid

741 4570 798 4673 fij,
822 4568 1024 4670 Abutilr'srsio,
1037 4574 1112 4656 flore
1124 4577 1238 4661 majore,
1262 4606 1296 4645 ex
1319 4584 1560 4672 altoflavrfcmre.
1589 4590 1789 4673 pronuntiare
1800 4585 1926 4672 possem.

751 4656 808 4719 bed
832 4656 907 4741 qurd
930 4673 1056 4722 rnterrm
1084 4660 1122 4724 de
1136 4662 1249 4729 Abutilo
1270 4668 1364 4733 Indico
1388 4673 1561 4753 camerarii,
2064 4694 2068 4701 '

795 4984 827 5049 H
841 4982 857 5049 l
872 4986 899 5053 B
913 4985 930 5052 1
943 4986 964 5053 S
980 4984 1010 5054 C
1024 4987 1057 5051 U
1072 4984 1094 5051 S
1137 4984 1163 5055 P
1177 4989 1211 5057 Ο
1227 4990 1252 5060 Ρ
1266 4990 1344 5059 UL
1359 4992 1436 5058 N=E
1452 4996 1486 5062 U
1501 4995 1534 5064 S.
1559 5007 1561 5043 ³
1586 4995 1730 5145 -qibpreo,
1754 4992 1859 5082 calyce
1880 4995 2031 5060 cisteriano
2053 5008 2206 5066 truncato.
2256 4997 2303 5065 Fr.
2328 5000 2400 5088 atys.

1021 5110 1043 5153 c
1063 5106 1084 5152 a
1110 5110 1134 5156 Α
1149 5110 1173 5153 ὀ
1198 5113 1212 5157 s
1235 5110 1289 5158 ru
1617 5102 1635 5166 5
1663 5123 1670 5139 ·

619 5212 632 5247 ‘.
752 5189 785 5238 Μ
801 5192 823 5238 0
840 5188 864 5234 n
879 5193 903 5239 Α
919 5190 943 5235 n
961 5191 979 5237 g
995 5194 1016 5239 1,
1032 5192 1052 5239 Ρ
1068 5194 1092 5238 fl
1109 5196 1122 5241 1
1139 5198 1164 5243 Α
1209 5198 1228 5244 p
1242 5198 1263 5241 0
1277 5196 1297 5241 ι,
1310 5199 1333 5244 γ
1346 5196 1371 5243 Α
1382 5198 1408 5243 ῃ
1420 5200 1444 5247 ῃ
1458 5198 1505 5247 tt‘r
1519 5204 1558 5253 Α,
1638 5152 1735 5231 Alcen
1756 5164 1991 5241 malabarlensts,
2013 5167 2122 5233 {builli
2143 5170 2317 5249 ἷο1ἰο,“ἦοῐε
2332 5192 2399 5235 ma·

1005 5265 1163 5333 charam,
1182 5274 1335 5354 emericus.
1589 5254 1657 5338 jore
1671 5266 1710 5313 ex
1726 5250 1797 5314 albo
1812 5251 2000 5317 flavescente.
2046 5252 2118 5339 Raj.
2130 5256 2195 5339 hist.
2215 5258 2309 5343 1069.

797 5347 862 5414 (Ἀ,
875 5350 1007 5435 duplex:
1029 5356 1162 5420 exterior
1177 5358 1385 5445 polyphyflu„
1559 5360 1562 5383 ·
1636 5334 1770 5401 Novella
1784 5338 1901 5404 litorea.
1946 5336 2073 5427 Rurrph.
2092 5343 2165 5406 amb.
2191 5362 2219 5410 a·
2232 5357 2264 5429 p.
2288 5350 2361 5429 224.
2374 5356 2398 5410 t.

794 5436 881 5523 Gapfi
895 5436 1091 5521 5·locularis‚
1113 5441 1313 5527 polyspernra.
1594 5442 1646 5508 74·

1010 5532 1121 5602 Nomen
1138 5538 1306 5626 specificam.
1877 5523 2099 5613 Obs‘mlsml·

796 5610 1042 5726 Hibiscussoliis
1065 5625 1197 5725 cordatis
1222 5627 1438 5728 iptegerrim582
1471 5633 1561 5699 caule
1636 5647 1739 5740 calyx
1761 5654 1881 5718 errator
1905 5653 2086 5741 morrpdyslris
2109 5646 2402 5745 sere'itrteg'errirurs'
2480 5630 2487 5641 ,

754 5700 893 5781 arboreo,
928 5706 1032 5791 calyce
1057 5728 1207 5774 exterrere
1232 5713 1372 5781 indiviso.
1593 5739 1701 5806 ,mnino
1715 5739 1851 5807 Μῶν,
1977 5782 1980 5790 ,
2085 5700 2097 5739 ’
2387 5694 2401 5743 ²

833 5872 871 5887 Η
981 5792 1131 5877 Synrnyma
1156 5797 1315 5867 authorum.
1852 5784 1862 5811 ⁸

797 5868 939 5945 Hrbrscus
963 5878 1047 5945 soliis
1071 5884 1202 5947 cordatis
1234 5886 1449 5973 integerrimis,
1470 5890 1559 5959 caue

1958 5932 1961 5935 ¹
2098 5977 2401 6083 PARJTL
