6092 6950
568 943 574 954 ¹
983 717 1935 932 nannannrcus
2097 761 2287 938 '92

651 1025 1061 1190 ἈΜ
1210 1067 1268 1242 a
1437 1065 1506 1182 A
1654 1063 1717 1185 r,
1873 1024 2330 1184 A'M«

634 1307 638 1316 ’
888 1292 1665 1429 C-HRYSOBALANUS
1756 1293 2053 1408 ICACO.

1315 1566 1486 1647 e1e.
1547 1590 1615 1674 51.

772 1699 943 1790 Mballm
975 1699 1061 1786 dua
1091 1703 1233 1824 species
1265 1704 1368 1798 sunt,
1399 1733 1568 1816 quarum
1597 1729 1676 1784 una
1709 1703 1794 1814 ejus
1819 1701 2007 1798 nominis,
2037 1703 2155 1785 altera
2183 1706 2285 1791 Cst·

634 1734 769 1958 A
789 1818 1000 1912 Ambaldm,
1031 1816 1096 1898 seu
1126 1817 1431 1899 Pes-Ambason.

823 1931 1021 2013 Ambalclm
1052 1933 1117 2012 Br.
1153 1929 1481 2024 Godol-Ambadd,
1503 1928 1559 2009 est
1586 1928 1699 2008 arbor
1718 1953 1892 2037 procera,
1921 1949 2049 2009 ramos
2082 1928 2125 2009 in
2156 1929 2285 2012 altum

631 2036 860 2125 ministare
879 2043 920 2122 in
940 2042 1192 2123 transversum
1211 2039 1447 2136 diffundens,
1477 2040 1709 2148 nascensque
1728 2039 1770 2118 in
1799 2038 1977 2120 arenofis·
2052 2091 2055 2101 ·

687 2153 813 2234 Radix
830 2154 949 2262 longa
965 2153 1033 2248 est,
1065 2153 1172 2233 fibris
1190 2153 1396 2263 permultis
1415 2153 1607 2264 capillatis
1628 2171 1734 2231 terrae
1753 2150 1918 2232 firmiter
1938 2148 2149 2235 adhaerens.

690 2265 841 2346 Caudex
867 2265 1023 2358 crassus,
1066 2267 1182 2345 unius
1227 2259 1400 2349 hominis
1442 2264 1672 2376 amplexum
1715 2260 1902 2371 implens,
1943 2264 2088 2343 cortice
2120 2265 2281 2348 vestitus

631 2375 763 2470 craffO,
793 2377 903 2485 ligno
928 2377 1058 2457 molli.
1527 2457 1539 2478 ,

636 2537 641 2544 ·
685 2489 802 2570 Rami
817 2487 1038 2570 vetustiores
1067 2487 1205 2598 lignofi
1233 2490 1274 2569 δε
1303 2489 1499 2586 cinericei,
1530 2487 1755 2599 corticeque
1786 2483 2041 2595 astringente3
2073 2487 2281 2569 teneriores

630 2618 763 2678 autem
789 2599 927 2680 virides
947 2629 991 2679 ac
1006 2600 1178 2680 coeruleo
1204 2625 1288 2679 rore
1310 2601 1514 2712 consperfi.

688 2709 807 2805 Fadia,
838 2734 926 2820 qua
944 2713 986 2792 in
1002 2707 1164 2791 surculis
1185 2712 1323 2792 teneris
1344 2739 1388 2794 ac
1407 2705 1597 2794 viridibus
1611 2739 1656 2794 ac
1670 2709 1719 2792 ad
1741 2726 1924 2792 exortum
1941 2708 2288 2807 extuberantibus,

631 2819 792 2902 interibs
827 2821 963 2903 striatis
995 2824 1132 2933 paffim
1165 2824 1299 2931 quina,
1330 2853 1376 2905 ae
1404 2824 1617 2904 ordinatim
1648 2826 1807 2906 bina&
1834 2824 2046 2903 binacum
2073 2849 2154 2902 uno
2181 2822 2287 2902 folio
2399 2880 2401 2883 -

630 2935 673 3014 in
694 2935 835 3014 vertice
865 2933 1098 3043 pedunculis
1134 2933 1361 3017 brevissimis
1392 2961 1436 3016 ac
1461 2933 1625 3016 interibs
1653 2937 1780 3047 planis
1810 2929 2062 3046 proveniunt,
2093 2933 2183 3014 sunt
2201 2934 2280 3013 ob-

630 3045 956 3154 longo-rotunda,
987 3046 1235 3156 longitudine
1263 3048 1311 3126 ad
1348 3048 1456 3128 suam
1493 3047 1744 3128 latitudinem
1785 3047 1910 3126 ferme
1946 3045 2080 3152 dupla,
2110 3041 2289 3126 anterius*

682 3184 747 3238 rva
764 3183 808 3236 ac
836 3161 1033 3238 contrasta
1052 3158 1222 3268 cuspide,
1254 3155 1423 3269 suntque
1442 3159 1566 3239 densa
1584 3177 1840 3251 contextura,
1870 3155 2021 3251 mollia,
2052 3154 2166 3250 lenia,
2192 3156 2279 3266 gla-

630 3185 700 3348 iia
718 3267 761 3348 a'c
782 3270 968 3377 utrinque
988 3267 1164 3362 nitentia,
1188 3270 1313 3349 virore
1332 3269 1425 3364 sato,
1455 3271 1497 3350 in
1526 3270 1678 3351 adversa
1695 3289 1831 3350 autem·
1847 3267 1979 3361 claro;
2010 3292 2099 3373 quae
2125 3269 2288 3348 exortui·

628 3379 874 3461 surculorum
893 3381 988 3460 solia
1003 3383 1183 3491 proxima
1201 3381 1305 3475 sunt,
1335 3382 1491 3461 minora
1507 3382 1683 3491 reliquis,
1714 3381 1935 3460 maximum
1962 3393 2093 3456 autern
2113 3379 2220 3489 quod
2236 3379 2278 3460 in

627 3494 771 3578 vertice
798 3493 1005 3601 appendet.

684 3607 749 3685 Ex
779 3602 882 3682 costa
910 3603 1040 3682 media
1065 3603 1196 3683 Nerui
1223 3604 1264 3682 in
1297 3603 1449 3685 adversa
1475 3620 1583 3715 parte
1615 3603 1832 3683 eminentes
1865 3600 2073 3682 transverso
2100 3604 2278 3685 testeae

628 3714 814 3826 parallelo
842 3714 963 3793 dustu
1000 3732 1158 3808 exeunt,
1189 3715 1229 3794 in
1263 3719 1377 3811 mua,
1401 3718 1449 3815 ‚in
1486 3745 1566 3826 qua
1592 3714 1697 3796 costa
1734 3712 1919 3796 nonnihil
1956 3715 2119 3807 eminet,
2150 3710 2278 3797 solitm

627 3827 841 3937 conspicui,
871 3845 1163 3936 excurruntque
1181 3827 1361 3936 proxime
1380 3829 1428 3908 ad
1453 3830 1685 3937 marginem,
1716 3825 1786 3906 ubi
1815 3826 1946 3907 reflexi
1975 3826 2018 3905 in
2051 3825 2277 3907 seinvicem

626 3938 834 4017 incurrunt
852 3937 1069 4017 limbulum
1104 3938 1152 4017 ad
1176 3939 1396 4047 marginem
1421 3938 1700 4049 relinquentes,
1725 3939 1898 4046 suntque
1915 3937 2076 4017 ramulis
2095 3937 2275 4016 eminen-

562 4140 566 4149 ,
625 4048 734 4129 tibus
759 4051 799 4129 br
829 4048 1172 4130 cancelliformiter
1190 4048 1310 4129 unitis
1329 4050 1528 4131 intertexti
1539 4088 1553 4143 3
1584 4049 1681 4129 folia
1698 4068 1830 4140 autem
1849 4049 1967 4128 odore
1992 4047 2082 4127 sunt
2099 4045 2207 4144 forti,
2233 4052 2279 4130 be

625 4159 755 4273 sapore
772 4159 1138 4256 acido-delectabili,
1170 4178 1215 4241 ut
1242 4178 1375 4241 cortex
1403 4161 1554 4242 fruetus
1573 4164 1732 4271 Mangae
1745 4158 1896 4243 Indice.

680 4273 808 4357 Floras
836 4273 1071 4382 proveniunt
1096 4272 1139 4352 in
1168 4271 1331 4355 surculis
1361 4274 1517 4366 teneris,
1546 4271 1735 4353 viridibus
1746 4310 1760 4368 ς
1790 4272 1860 4380 qui
1893 4298 1942 4353 ex
1971 4297 2171 4353 ramorum
2204 4300 2272 4353 ve-

625 4384 835 4465 tustiorum
860 4383 1083 4463 summitate
1111 4384 1307 4492 prodeunt
1335 4385 1377 4463 in
1411 4383 1630 4464 minoribus
1649 4383 1810 4463 ramulis
1841 4381 1972 4491 plures
2006 4386 2274 4493 congregatim

624 4487 874 4607 proveniunt,
905 4493 1071 4604 suntque
1090 4496 1211 4574 teneri
1229 4492 1274 4575 hi
1292 4494 1435 4577 surculi
1454 4496 1596 4606 saporis
1615 4495 1715 4575 acidi
1734 4498 1774 4575 δι
1805 4521 1945 4604 parum
1972 4495 2106 4589 amari,
2137 4494 2274 4578 fimilis

624 4608 660 4686 ei
693 4608 764 4716 qui
796 4607 839 4686 in
876 4604 1070 4687 fructibus
1094 4608 1265 4717 Mangae,
1296 4605 1414 4689 odore
1441 4635 1601 4717 quoque
1627 4606 1721 4687 sorti
1750 4610 1791 4687 δι
1827 4606 1962 4687 acido:
1993 4605 2103 4686 flores
2142 4624 2274 4689 autem

623 4718 775 4828 parvuli
794 4747 838 4798 ac
864 4716 944 4797 albi
974 4721 1014 4798 be
1047 4718 1155 4797 velut
1187 4718 1349 4799 stellula
1383 4721 1558 4829 quinque
1583 4718 1644 4798 vel
1664 4719 1728 4799 sex
1747 4716 1938 4797 foliorum
1964 4717 2270 4826 cuspidatorum,

623 4856 711 4937 quae
755 4830 831 4909 oris
879 4830 1111 4911 rotundiolis
1149 4831 1192 4910 in
1229 4830 1430 4942 cuspidem
1467 4833 1676 4924 contracta,
1721 4856 1795 4909 nec
1830 4857 1913 4912 non
1946 4828 2195 4938 rigidiuscula
2231 4833 2272 4911 de

623 4941 800 5022 nitentia.
1856 5020 1860 5029 ,
2198 5003 2202 5010 .

679 5054 728 5133 ln
755 5050 887 5133 medio
920 5050 1065 5131 florum
1100 5055 1292 5137 Corculum
1315 5054 1369 5135 est
1399 5053 1559 5147 slavum,
1589 5078 1639 5135 ex
1656 5054 1740 5163 ejus
1769 5054 1897 5134 orbita
1921 5051 1970 5132 ad
1989 5049 2084 5131 solia
2104 5054 2273 5136 Stamina

623 5191 753 5274 parva,
784 5162 927 5258 tenuia,
958 5161 1179 5259 albicantia,
1209 5193 1253 5245 ae
1273 5166 1316 5247 in
1340 5168 1482 5247 vertice
1502 5166 1609 5246 flavis
1643 5165 1819 5277 apicibus
1849 5167 1981 5247 dotata
2012 5164 2183 5245 emicant
2201 5165 2282 5275 de‘.

561 5320 566 5327 ·
623 5302 713 5357 cem
731 5276 793 5355 vel
811 5274 1035 5370 duodecim,
1067 5294 1184 5385 prout
1197 5276 1310 5358 flores
1339 5276 1399 5357 vel
1419 5277 1706 5387 quinque-folii
1725 5277 1787 5357 vel
1805 5278 1869 5358 sex
1883 5275 2072 5357 foliorum
2097 5275 2201 5370 sunt,
2231 5278 2273 5358 bc

622 5413 673 5465 ex
691 5388 913 5467 meditullio
933 5386 1083 5467 corculi
1103 5388 1279 5499 quinque
1298 5390 1358 5470 vel
1378 5390 1442 5469 sex
1461 5390 1626 5470 minutae
1643 5389 1818 5500 cuspides
1844 5389 1905 5470 vel
1930 5386 2063 5498 styluli
2080 5388 2271 5484 eminent,

622 5496 753 5607 estque
772 5498 979 5578 corculum
997 5500 1260 5609 primordium
1278 5499 1443 5581 frustus.
1490 5555 1495 5563 -

678 5609 795 5719 Calyx
819 5612 970 5693 Florum
1002 5612 1058 5691 est
1086 5640 1158 5721 pro
1191 5639 1356 5695 numeru
1388 5614 1471 5723 ejus
1504 5610 1694 5693 foliorum
1727 5614 1906 5723 quinque
1925 5612 1987 5691 vel
2006 5610 2071 5690 sex
2090 5609 2269 5691 constans

617 5717 725 5801 foliis
754 5720 1136 5823 flavo-albicantibus
1169 5749 1214 5804 ac
1238 5723 1346 5808 brevi
1379 5724 1604 5838 cuspidatis,
1634 5752 1679 5807 ac
1709 5752 1806 5807 cum
1823 5724 1901 5810 suis
1920 5722 2146 5837 cuspidibus
2167 5723 2289 5802 inter‘

620 5827 718 5911 folia
740 5830 885 5915 florum
905 5832 1012 5918 fitus.
1619 5866 1630 5883 ⁸

2113 5948 2276 6032 Gemma
