6092 6950
970 837 1919 1004 Mnuaaaxrous.
2058 791 2060 798 ’
2215 853 2278 970 ⁶3

737 1017 1069 1212 ΜΛ
1230 1011 2321 1222 x-o'xu'r..

1308 1272 1606 1402 incomperta.
1691 1326 1692 1332 Ν

778 1531 782 1538 ·
1249 1498 1284 1577 F
1343 1501 1364 1578 I
1422 1500 1477 1578 G.
1627 1558 1637 1577 .

623 1681 634 1692 ·
798 1627 936 1716 Aro't‘ri
956 1634 1092 1744 lingua
1116 1635 1248 1714 Bram.
1281 1602 1408 1726 caira.
1428 1633 1484 1713 est
1501 1497 1621 1714 arbi?
1634 1646 1804 1744 procera,
1836 1633 1952 1716 rantis
1972 1633 2096 1715 denfi‘s
2123 1639 2163 1718 tt
2183 1649 2280 1746 opa-

589 1646 786 1889 M
821 1747 877 1826 cis
898 1744 975 1828 late
1002 1745 1258 1826 transversum
1278 1745 1440 1844 diffasrt,
1471 1746 1627 1825 nascens
1647 1748 1689 1825 in
1708 1749 1886 1830 arenotla.
1939 1873 1942 1880 Ι
2265 1756 2271 1766 '

626 2031 630 2038 -
678 1965 805 2050 Radix
831 1969 962 2063 crasa,
993 1989 1122 2048 ramos
1151 1965 1230 2048 late
1263 1969 1457 2078 spargens,
1489 1953 1657 2048 exterilas
1688 1949 2031 2076 valde-nigricans,
2063 1970 2169 2050 intus
2189 1978 2278 2051 cori

622 2077 703 2160 tice
719 2079 963 2178 rubescente,
993 2081 1065 2188 qul
1084 2080 1229 2189 saporis
1255 2077 1311 2159 est
1336 2080 1625 2190 adstringentis,-
1655 2069 1767 2190 ligno
1788 2081 1995 2160 albicante.

625 2250 631 2267 ι
680 2299 830 2382 Caudex
847 2293 1002 2395 crassus,
1033 2287 1186 2381 ambitu
1208 2303 1327 2384 unius
1360 2301 1536 2382 hominia
1563 2304 1790 2413 arnplexum
1817 2302 2001 2412 implens,
2032 2303 2143 2411 ligno
2174 2303 2278 2382 albia

622 2407 927 2603 canonqrtiee
946 2413 1080 2507 oratio,
1109 2415 1181 2522 qui
1199 2410 1368 2494 exuerim
1393 2433 1443 2494 ex
1470 2414 1590 2494 viridi·
1615 2417 1825 2524 nigricans,
1857 2416 1928 2494 su'b
1948 2415 2131 2494 exteriori
2156 2414 2281 2500 crusti

621 2545 669 2604 tu
832 2580 841 2602 .

678 2747 794 2829 Romi
809 2746 968 2840 cinerei,
999 2726 1223 2840 teneiiores,
1253 2749 1380 2830 umori
1396 2768 1441 2832 ac
1459 2749 1626 2859 spadicei
1645 2749 1709 2829 seat
1735 2748 1898 2831 muscofi
1925 2733 2081 2828 coloris.

676 2970 784 3052 Folia
804 2965 1006 3048 hincinde
1035 2968 1076 3074 in
1097 2969 1228 3063 ramis,
1243 2969 1497 3081 ‘surculisque
1516 2972 1672 3082 petiolis
1693 2969 1889 3064 brevibus,
1914 2968 2117 3063 viridibus,
2139 2986 2278 3050 rotun·

621 3072 685 3159 eia
701 3080 940 3189 proveniunt
950 3118 963 3171 ς
997 3080 1164 3187 suntque
1178 3075 1415 3190 spithamam
1432 3085 1564 3192 longa,
1578 3097 1754 3191 quatuor
1773 3083 1995 3189 quinqueve
2014 3081 2176 3190 pollices
2187 3082 2277 3176 lata,

621 3190 750 3271 forma
781 3189 1161 3298 oblongo-rotunda,
1191 3189 1360 3271 anterius
1400 3195 1557 3303 cuspide
1600 3192 1955 3303 oblongo-angusta
1979 3193 2205 3286 eminentia,
2235 3194 2278 3270 irt

622 3303 799 3409 margine
831 3321 984 3381 crenata
1008 3329 1052 3380 ac
1090 3301 1299 3382 denticulis
1332 3305 1705 3401 acutis-emicantia,
1736 3321 1965 3382 contextura
1984 3303 2117 3394 solida,
2148 3302 2277 3395 crassa,

622 3403 826 3521 superficie
854 3409 985 3520 plana,
1010 3414 1058 3517 §in
1082 3414 1187 3493 retia·
1208 3430 1317 3522 parte
1342 3413 1477 3495 iirorit
1497 3406 1612 3509 susci,
1643 3417 1684 3494 in
1708 3413 1860 3493 adversa
1887 3413 2026 3492 viroris
2052 3413 2282 3495 communit

621 3522 683 3603 vel
717 3522 825 3615 clari,
856 3526 898 3599 in
929 3542 1092 3629 utraque
1126 3525 1303 3616 nitentis,
1335 3525 1509 3604 maxime
1543 3528 1594 3604 in‘
1613 3523 1778 3617 adversa,
1809 3525 1977 3630 suntque
2005 3523 2135 3604 odoris
2152 3522 2286 3632 sylvev·

619 3632 719 3725 stris,
750 3631 935 3712 nonnihil
961 3634 1102 3741 gravis.

677 3858 742 3937 Ex
762 3853 865 3936 costa
881 3856 1011 3935 media
1035 3876 1123 3962 qua
1141 3856 1185 3933 in
1209 3859 1437 3965 recupare
1462 3855 1649 3939 nonnihil
1666 3858 1828 3951 munet,
1860 3856 1973 3967 Cq‘lae
1991 3856 2206 3945 uanfverse
2234 3862 2276 3942 in

619 3966 774 4047 adversa
791 3962 964 4046 maxone
983 3969 1214 4060 eminentes,
1246 3971 1415 4049 tenuiter
1431 3970 1525 4050 veri>
1552 3973 1597 4051 in
1628 3974 1745 4064 retia,
1770 3970 1936 4076 oliliquo
1954 3969 2130 4048 annulari
2156 3968 2278 4051 ductu

621 4096 766 4177 exeunt
788 4078 903 4184 juxta
919 4079 1140 4186 marginem
1168 4083 1292 4159 trattu
1317 4072 1565 4190 longiusculo
1579 4099 1828 4161 excurrentes
1843 4106 1887 4158 ac
1916 4079 1958 4157 in
1988 4104 2097 4158 arcus
2117 4080 2278 4174 smuati‚·

620 4188 849 4381 {caulisque
872 4189 1081 4270 firbtilibua
1100 4189 1330 4284 transverfia,
1362 4219 1450 4299 quae
1467 4195 1510 4272 δι
1536 4192 1579 4271 in
1605 4190 1808 4301 firperficie
1834 4190 2022 4297 utrinque
2053 4190 2277 4300 conspicuae

638 4316 711 4379 unt
729 4298 959 4393 intertexta.
1895 4334 1898 4343 ¹
1952 4330 1955 4335 ·
2016 4342 2020 4349 ·
2273 4332 2278 4339 ·

676 4522 804 4603 Flores
822 4520 864 4600 in
883 4522 1069 4631 superiori
1087 4541 1195 4632 parte
1219 4550 1416 4604 ramorum
1441 4524 1538 4606 hinc
1563 4526 1656 4607 inde
1681 4526 1768 4606 turn
1783 4525 1894 4634 supra
1912 4550 1961 4603 cx
1981 4523 2131 4631 origine
2151 4522 2271 4604 solio-

620 4659 725 4725 rum,
755 4650 842 4712 tum
862 4659 925 4716 ,ex
949 4632 1034 4742 ipso
1067 4661 1229 4743 corpore
1261 4634 1408 4743 septem
1429 4642 1566 4717 octove
1581 4638 1679 4747 .plus
1699 4638 1832 4717 minus
1863 4633 1910 4715 ad
1945 4662 2070 4713 unum
2090 4654 2272 4715 exortum

619 4744 889 4852 congregatim
907 4744 1063 4851 petiolis
1083 4746 1203 4824 curtis
1223 4748 1473 4855 proveniunt,
1493 4747 1662 4856 suntque
1679 4770 1845 4857 gemmae
1864 4770 2002 4855 parva,
2023 4772 2110 4851 quae
2133 4762 2272 4853 apertae

619 4872 698 4936 tres
717 4854 828 4934 series
846 4854 1036 4934 foliorum
1055 4854 1250 4950 offerunt3
1272 4858 1314 4935 in
1336 4858 1464 4967 prima
1481 4860 1656 4939 interiori
1681 4858 1775 4937 serie
1793 4858 1848 4938 ert
1864 4856 1972 4936 stella
1994 4856 2171 4965 quinque
2190 4856 2277 4935 nti-¹

620 4985 763 5043 uorum
777 4964 984 5044 crassorum
1006 4964 1296 5077 cuspidatomm
1309 4967 1512 5065 foliorum,
1529 4994 1616 5077 quae
1632 4968 1766 5049 villosa
1783 4969 1872 5049 sunt
1891 4966 1930 5049 δι
1950 4964 2268 5077 spadiceo-susca,

621 5074 723 5153 lenia
748 5102 793 5154 ac
812 5076 982 5156 nitentia
1006 5076 1124 5156 instar
1145 5079 1269 5160 Veluti
1279 5116 1292 5172 ς
1323 5081 1366 5158 in
1399 5075 1564 5161 fetanda
1582 5082 1675 5162 serie
1694 5082 1869 5190 quinque
1887 5074 1984 5160 solia
2002 5077 2093 5157 sunt
2109 5078 2268 5187 majora,

621 5186 799 5279 rotunda,
827 5214 958 5295 parva,
972 5231 976 5239 ,
989 5185 1500 5287 interiiaacoeltleatoncava,
1532 5192 1693 5275 aarum
1707 5220 1751 5273 ae
1770 5189 1867 5302 pilis
1890 5189 2064 5272 candidis
2095 5188 2269 5269 maxime

619 5296 662 5375 in
682 5297 759 5376 oris
788 5296 971 5392 obducta,
996 5327 1082 5407 quae
1100 5300 1250 5408 fingula
1275 5330 1401 5381 unum
1420 5301 1667 5413 cuspidatum
1691 5302 1836 5385 folium
1854 5302 1969 5383 stellae
1988 5303 2091 5380 intra
2108 5299 2145 5379 se
2168 5302 2268 5380 reci-

619 5406 763 5513 piunt:
785 5436 871 5515 quae
893 5410 935 5488 in
959 5410 1071 5489 tertia
1090 5410 1153 5489 scu
1164 5414 1346 5492 exteriori
1359 5412 1452 5496 serie
1470 5414 1560 5495 sunt
1579 5414 1674 5495 solia
1691 5416 1868 5523 quinque
1886 5410 2096 5521 cuspidata,
2116 5410 2268 5505 viridia,

619 5520 787 5609 exterius,
820 5519 1145 5623 viridi-muscosa,
1176 5550 1263 5630 qua
1290 5550 1385 5604 cum
1418 5528 1460 5605 in
1492 5528 1662 5636 gemmis
1691 5527 1780 5607 sunt
1811 5526 1923 5606 flores
1953 5523 2146 5603 exteriora
2176 5518 2270 5602 folia

619 5626 709 5725 sunt
733 5629 882 5737 reliqua
904 5631 1173 5727 includentia3
1200 5660 1249 5712 ex
1269 5635 1475 5718 umbilico.

647 5850 846 5932 -Stamina
869 5854 1046 5965 quinque
1075 5852 1237 5939 inferiis
1267 5857 1450 5955 cralliola,
1480 5860 1687 5943 viridia&
1714 5858 1848 5975 pilosa,
1876 5850 2038 5971 superni
2070 5852 2269 5933 tenuia&

636 5974 646 5985 ‘
702 5984 721 6019 ³
734 5962 774 6043 T
779 5984 861 6045 oua
884 5964 919 6045 1.
1032 6042 1035 6051 ,
1481 5973 1538 6081 Κ,
2066 5965 2272 6047 albicantia
