6092 6950
1042 763 2002 920 untannarcua
2286 747 2354 902 76

806 1211 859 1324 c
1021 1210 1090 1324 A
1253 1165 1336 1325 N
1497 1213 1543 1382 s
1711 1207 1767 1326 c
1931 1215 2023 1332 Η
2178 1217 2229 1334 J.

945 1483 1347 1642 runvrn
1428 1395 2079 1666 Nunrrtonn.
2186 1492 2190 1497 ’

1363 1763 1532 1894 rto.
1592 1839 1662 1924 42.
1807 1769 1812 1784 '

642 2111 645 2118 ἢ
689 2005 953 2248 CArffcbi,s
968 2003 1108 2113 lingua.
1138 2005 1377 2084 Bramanum
1414 2000 1630 2120 Schiudnni,
1660 2002 1715 2082 est
1752 2003 1867 2085 arbor
1897 2027 2060 2112 procera·
2094 1963 2254 2084 nascent
2294 2003 2346 2086 im

813 2140 928 2196 areno
942 2143 989 2194 rs.

738 2337 862 2418 Radia
879 2335 992 2416 crassa
1017 2361 1143 2415 ramos
1163 2333 1323 2416 fibrosos
1344 2335 1651 2445 quaquaversum
1679 2334 1836 2442 ejiciens
1855 2335 2000 2415 cortice
2028 2315 2341 2433 cinereo-fusco,

681 2449 751 2556 qui
770 2447 967 2528 intus-sub
986 2448 1168 2529 exteriori
1199 2449 1392 2553 corticula
1410 2447 1465 2526 est
1482 2446 1703 2570 rubescens,
1730 2445 1841 2555 ligno
1868 2445 1980 2528 albo.

734 2668 883 2751 Caudex
908 2667 1063 2748 ambitu
1093 2667 1321 2778 amplexum
1356 2669 1470 2748 unius
1503 2664 1678 2748 hominis
1712 2669 1904 2780 implens,
1923 2662 2059 2779 ¹estque
2086 2695 2182 2749 cum
2212 2670 2330 2762 tamis

677 2781 823 2889 cortice
841 2779 1008 2876 cinereo,
1039 2780 1109 2890 qui
1128 2781 1233 2860 intus
1254 2781 1307 2860 est
1325 2779 1478 2860 viridis..
2172 2795 2176 2807 '

731 3003 845 3084 Remi
859 3005 903 3082 δι·
918 3001 1062 3082 surculi
1090 3002 1203 3084 intuo
1227 3001 1269 3080 in
1304 2999 1438 3082 medio
1469 2999 1581 3109 ligno
1610 3001 1773 3083 corculo
1800 3001 1911 3084 fusco
1939 3030 1983 3083 ac
2013 2999 2172 3084 nodulis
2201 2997 2334 3086 inter·

675 3109 821 3208 sttnoi,
847 3139 896 3192 ex
916 3112 1060 3222 quibus
1079 3112 1222 3193 surculi
1242 3113 1387 3194 novelli
1406 3112 1547 3194 uirides
1565 3112 1792 3223 exsurgunt.

731 3335 855 3427 Folia,
897 3362 985 3441 quae
1018 3335 1060 3412 in
1102 3335 1215 3414 nodis
1258 3333 1413 3444 petiolis
1443 3333 1593 3442 longis,
1624 3335 1818 3427 rotundis,
1846 3333 2035 3412 viridibus
2072 3333 2326 3440 proveniunt,

675 3443 834 3551 grandia
852 3445 954 3539 sunt,
986 3444 1009 3524 s
1029 3439 1219 3525 ithamam
1238 3446 1278 3525 δι
1311 3444 1479 3555 amplius
1492 3445 1630 3554 longa,
1660 3445 1758 3527 duos
1786 3443 1910 3527 ferme
1927 3443 2079 3555 palmos
2103 3443 2179 3525 lata
2196 3443 2325 3530 forma

674 3476 1052 3663 oblongo-rotunrlb,
1082 3556 1130 3635 ad
1149 3555 1342 3666 petiolum
1361 3555 1437 3637 lata
1471 3556 1646 3651 cavitate,
1677 3558 1866 3637 anteriora
1890 3555 2017 3636 versus
2046 3554 2089 3634 in
2118 3554 2322 3665 cuspidem

671 3664 883 3775 oblongam
913 3670 1121 3760 contrella,
1151 3684 1381 3749 contextura
1414 3668 1615 3748 tenuia&
1644 3666 1796 3762 mollia,
1834 3668 1961 3747 virore
1990 3666 2165 3746 inrecta
2192 3664 2325 3763 fusco,

669 3775 711 3855 in
740 3777 889 3857 adversa
935 3779 1140 3857 communi
1177 3770 1238 3863 v'el
1272 3778 1392 3857 etiam
1439 3777 1559 3872 claro,
1589 3781 1694 3859 utrin
1725 3806 1774 3857 ue
1811 3805 1951 3889 parum
1984 3778 2146 3872 nitente,
2176 3777 2319 3908 saporis

547 3987 550 3996 ι
668 3886 907 3995 astringentis
926 3891 966 3969 be
986 3890 1132 3981 arnari;
1163 3916 1211 3969 ex
1231 3890 1376 3997 petiolo
1403 3908 1498 3969 cum
1516 3890 1620 3969 costa
1637 3806 1767 3969 melia
1797 3918 1845 3969 ex
1874 3917 1953 3999 qua
1980 3888 2092 3970 costae
2117 3889 2318 3969 viridr-di·

668 3997 760 4081 luta
778 3997 939 4108 oblique
959 4000 1145 4079 anteriora
1163 4000 1289 4079 versus
1310 4020 1468 4094 exeunt,
1498 3998 1627 4108 quaea
1650 4001 1827 4109 margine
1842 3998 2131 4109 multiplicibus
2152 4002 2322 4081 arcuatis-

667 4108 848 4188 dustibus
866 4112 906 4187 in
927 4110 963 4189 se
996 4113 1166 4191 invicem
1192 4110 1433 4206 deferuntur,
1463 4110 1550 4189 duae
1567 4110 1739 4192 laterales
1767 4111 1982 4221 prodeunt,
2005 4109 2188 4218 utrinque
2222 4138 2314 4205 una,

666 4244 715 4297 ex
734 4219 813 4327 qua
828 4220 985 4301 costutae
1010 4222 1171 4330 septem,
1202 4224 1290 4299 otto
1309 4221 1435 4301 versus
1462 4222 1679 4328 marginem
1698 4224 1948 4314 emittuntur,
1977 4247 2065 4330 quae
2084 4220 2127 4299 in
2152 4220 2190 4300 se
2206 4221 2314 4301 invi·

665 4356 753 4407 cern
772 4357 930 4437 quoque
958 4334 1119 4411 arcuatis
1140 4331 1322 4412 ductibus
1341 4332 1563 4424 incurrunt,
1581 4332 1748 4441 suntque
1765 4331 1876 4411 costae
1892 4333 2010 4410 etiam
2029 4331 2189 4409 inrecta
2207 4358 2315 4411 non-

666 4435 766 4519 nihil
792 4442 1021 4535 eminentes,
1043 4470 1086 4521 ac
1107 4442 1274 4522 nervulis
1290 4441 1502 4521 transvertis
1523 4442 1750 4536 numerosrs,
1771 4441 2057 4534 viridi-dilutis,
2078 4442 2148 4549 qui
2166 4440 2311 4522 folium

665 4549 830 4630 subeunt
849 4579 893 4629 ac
913 4552 1097 4660 utrinque
1116 4554 1284 4632 tenuiter
1302 4553 1493 4645 eminent,
1523 4554 1564 4633 δι
1594 4552 1951 4634 cancelliformibus
1980 4550 2161 4664 plexibus
2185 4579 2316 4634 venu·
2419 4611 2421 4616 -

610 4684 629 4767 j
663 4662 790 4741 larum
810 4662 1010 4743 intertexti
1030 4664 1119 4743 sunt
1134 4665 1340 4743 comitatae.
2399 4697 2405 4707 ’

651 4892 656 4899 “
716 4878 901 4964 Flores'in
928 4884 1083 4992 petiolis
1102 4884 1293 4978 rotundis,
1322 4884 1608 4979 viridi-dilutis,
1640 4883 1710 4993 qui
1730 4880 1842 4992 supra
1865 4910 1914 4961 ex
1940 4884 2090 4993 origine
2114 4881 2305 4963 soliorum

660 4993 894 5101 proveniunt
954 4992 1135 5075 brevibus
1201 5020 1245 5073 ac
1310 4995 1492 5074 tenuibus
1576 4994 1779 5074 edunculis
1838 4994 1966 5103 plures
2037 5021 2181 5102 congre
2228 4993 2304 5073 tim

659 5105 699 5182 bc
726 5104 950 5182 racematim
969 5104 1148 5199 insrdent,
1192 5104 1359 5214 suntque
1394 5107 1529 5185 viridi·
1559 5106 1662 5199 iluti,
1706 5104 1921 5185 constantes
1970 5102 2074 5184 foliis
2122 5022 2304 5214 cuffnlda-

623 5302 625 5307 ¹
660 5214 723 5305 tie,
753 5210 1023 5293 viridi-dilutis
1044 5214 1187 5309 tribus,
1214 5215 1277 5293 seu
1293 5216 1400 5322 quod
1429 5218 1550 5296 rarius
1570 5215 1637 5308 est,
1666 5233 1849 5323 quatuor,
1878 5217 1921 5293 in
1940 5242 2026 5322 quae
2044 5242 2210 5323 gemma
2237 5241 2300 5293 re-

656 5324 836 5403 laxantur
851 5350 896 5404 ac
914 5326 1123 5405 numerofis
1143 5326 1369 5405 staminibus
1387 5326 1672 5418 viridi-dilutis,
1694 5353 1781 5433 quae
1799 5324 1896 5433 stylo
1914 5326 2027 5406 viridi
2045 5324 2310 5434 circumposi-⁴

657 5450 696 5511 ta
714 5430 817 5526 sunt,
847 5462 890 5513 ac
908 5435 1083 5543 apicibus
1109 5436 1396 5529 viridi-dilutis,
1415 5437 1479 5515 seu
1493 5437 1611 5517 etiam
1629 5436 1921 5515 flavescentibus
1940 5464 1983 5517 ac
2004 5434 2304 5517 ruffescentibus

656 5542 797 5637 dotata,
827 5540 933 5624 haud
951 5544 1147 5626 diffimiles
1168 5545 1209 5625 fl.
1234 5547 1527 5642 Cit-Avrinacu‚
1557 5547 1685 5626 odoris
1706 5546 1874 5627 nullius..

647 5850 650 5856 ,
710 5763 867 5851 Gemma
885 5768 1036 5851 Florum
1062 5766 1236 5851 rotunda
1250 5770 1289 5851 δι
1304 5766 1486 5853 nonnihil
1504 5770 1651 5880 planae,
1673 5763 1838 5850 anterilrs
1858 5768 1908 5851 in
1918 5766 2076 5849 brevem
2095 5766 2303 5963 cuspidRm.

1333 5930 1343 5939 -
2089 5900 2226 5962 contra
2263 5909 2296 5963 ae
