6092 6950
1003 867 1955 1026 Maenuan1ous
2230 882 2301 1014 99

901 1099 977 1326 A·
1176 1210 1304 1358 P,
1452 1115 1526 1322 p
1735 1203 1797 1324 a
1993 1192 2074 1324 L.

1308 1539 1311 1549 .
1334 1449 1632 1587 Iacomparta.
1924 1471 1929 1478 ·

1258 1749 1292 1832 F
1364 1751 1385 1832 I
1502 1812 1512 1836 .
1673 1811 1686 1832 .

507 1971 513 1982 ,
641 1891 881 2097 APpil
893 1889 956 1970 stu
975 1887 1287 2000 Nulla-Appellit,
1317 1751 1719 1996 lingualsramairim
1749 1850 2066 2028 Cari-Nerva'loe,
2095 1889 2150 1971 est
2177 1890 2292 1978 arbor

808 2001 1014 2084 mediocris
1034 2001 1264 2092 altitudinis,
1295 1997 1452 2078 nascens
1476 2001 1518 2078 in
1537 1999 1716 2083 arenofis.

564 2199 2292 2336 'mmmmmmmmm.

640 2335 730 2422 lore¹
750 2361 888 2415 croceo
918 2353 963 2414 ut
984 2335 1024 2413 δι
1052 2332 1183 2415 odore.

694 2557 843 2642 Caudex
866 2557 1044 2665 quinque
1070 2575 1136 2637 aut
1171 2555 1236 2637 sex
1265 2555 1417 2666 palmos
1447 2517 1679 2637 convolutos
1703 2555 1843 2637 crassus
1874 2559 2016 2654 eradit,
2046 2586 2174 2661 ramos
2203 2561 2289 2643 sur·
2347 2598 2351 2602 “

635 2674 759 2752 rectos
778 2671 820 2750 in
839 2669 965 2752 altum
984 2666 1222 2762 diffundens,
1253 2667 1362 2777 ligno
1383 2667 1575 2748 albicante
1592 2669 1634 2748 dt
1651 2667 1813 2748 corculo
1836 2669 1943 2751 intus
1963 2671 2215 2756 ruffo-fusco.
2377 2699 2382 2706 ·

691 2885 843 2972 Surculi
858 2884 995 2979 teneri,
1010 2881 1164 2980 virides,
1178 2881 1489 2992 quadrangulati,
1506 2884 1547 2963 δι
1565 2882 1608 2961 in
1628 2905 1871 2991 unoquoque
1882 2880 2001 2962 latere
2020 2883 2128 3008 sulco
2140 2884 2279 2970 striati.

693 3109 813 3204 Folia,
843 3135 930 3218 quae
955 3107 997 3187 in
1017 3106 1133 3186 ramis
1156 3104 1393 3214 surculisque
1413 3102 1569 3215 petiolis
1589 3102 1788 3198 brevibus,
1818 3105 2010 3200 rotundis,
2039 3107 2291 3189 viridi-dilu-

637 3221 687 3302 tis
710 3220 804 3300 bina
837 3223 877 3300 dc
907 3219 998 3300 bina
1030 3219 1281 3328 proveniunt,
1312 3245 1356 3296 ac
1387 3217 1428 3296 in
1462 3215 1598 3296 ordine
1630 3215 1668 3298 se
1699 3216 1871 3296 invicem
1889 3214 2053 3324 oblique
2073 3218 2285 3314 decuffant,

635 3331 764 3414 sonna
787 3330 1152 3440 oblongo-rotunda
1185 3329 1288 3422 sunt,
1318 3324 1484 3408 anterius
1519 3325 1626 3407 brevi
1655 3330 1696 3405 ἃ
1737 3327 1896 3434 angtdlb
1928 3327 2100 3436 cuspide,
2130 3330 2178 3408 ad
2211 3357 2284 3437 pe-

566 3455 570 3467 '
637 3444 784 3525 tiolum
813 3441 979 3523 rotunda
1010 3469 1090 3534 ora,
1121 3440 1163 3519 in
1189 3442 1266 3519 oris
1298 3437 1556 3548 superioribus
1593 3437 1759 3518 minutis
1789 3463 1834 3516 ac
1865 3438 1958 3517 raris
1991 3437 2183 3548 apicibus,
2213 3439 2288 3522 alia

636 3556 776 3665 magis,
793 3555 868 3634 alia
886 3549 1017 3633 minus
1038 3551 1266 3643 eminentia,
1287 3566 1517 3628 contextura
1535 3547 1788 3641 craffiuscula,
1818 3548 1939 3629 solida
1965 3550 2006 3631 bt
2034 3550 2185 3645 mollia,
2220 3550 2288 3634 su·

633 3667 792 3796 perficie
810 3665 925 3776 plana
948 3667 988 3745 dc
1008 3662 1141 3772 glabra
1159 3688 1203 3740 ac
1218 3662 1332 3753 lenia,
1363 3660 1405 3739 in
1435 3660 1610 3740 interiori
1633 3656 1740 3769 parte
1758 3657 2003 3741 viridi-fusca
2029 3663 2071 3743 dc
2103 3662 2286 3760 nitentia,
2372 3652 2379 3677 ¹

635 3807 678 3857 m
697 3778 878 3858 exteriori
904 3774 1183 3867 viridi-diluta,
1211 3774 1329 3852 odore
1358 3768 1528 3852 hortenfi
1546 3786 1662 3853 acuto
1686 3765 1791 3851 haud
1810 3771 1977 3882 ingrato,
2006 3770 2137 3886 sapore
2154 3801 2308 3858 amaro·

636 3892 676 3971 bc
708 3887 871 3971 subacri.

690 4112 754 4190 Ex
779 4110 883 4190 costa
902 4107 1029 4189 media
1053 4106 1238 4216 utrinque
1256 4125 1424 4215 quatuor
1441 4122 1509 4187 aut
1534 4105 1712 4215 quinque
1737 4093 1887 4218 Gajiulae
1911 4107 2077 4217 obliquo
2108 4107 2286 4190 annulari

634 4224 758 4303 tradtu
776 4240 935 4314 exeunt,
957 4247 1043 4327 quae
1062 4218 1109 4296 ad
1128 4246 1211 4299 oras
1242 4220 1430 4298 arcuatim
1450 4216 1599 4297 reflexa
1617 4218 1659 4296 in
1686 4216 1913 4297 seinvicem
1939 4216 2149 4301 subtilibus
2168 4246 2287 4302 arcu--

634 4334 708 4414 bus
734 4332 972 4424 deferuntur,
1003 4328 1169 4439 suntque
1183 4329 1294 4409 costa
1312 4326 1679 4421 viridi-clariffimae,
1695 4328 1737 4407 in
1757 4327 1908 4409 adversa
1922 4348 2030 4439 parte
2047 4330 2283 4430 eminentes,

632 4473 677 4524 ac
702 4446 819 4523 etiam
839 4444 1007 4523 tenuiter
1023 4440 1065 4520 in
1084 4443 1199 4535 recta,
1228 4438 1543 4549 comitanturque
1562 4438 1713 4520 venulis
1733 4438 1942 4521 subtilibus
1968 4468 2013 4523 ac
2032 4442 2281 4526 cancellatim

634 4556 747 4637 dense
765 4553 974 4635 contextis.

688 4779 815 4859 Floras
832 4774 1083 4856 umbellatim
1101 4774 1349 4883 proveniunt,
1380 4773 1547 4882 suntque
1565 4775 1686 4883 parvi,
1707 4773 1849 4854 coloris
1868 4772 1964 4867 albi,
1992 4773 2059 4854 seu
2076 4799 2126 4855 ex
2145 4775 2281 4857 viridi-

632 4889 759 4970 diluto
791 4888 1008 4979 albicantis,
1038 4884 1254 4966 constantes
1287 4903 1455 4995 quatuor
1482 4884 1587 4965 foliis
1616 4884 1781 4963 minutis
1813 4886 1853 4963 δι
1885 4885 2079 4981 rotundis,
2107 4912 2282 4993 quorum

633 5026 760 5079 unum
778 4999 887 5107 quod
912 4995 1171 5104 majusculum
1190 4995 1244 5075 est
1262 5000 1301 5076 dc
1321 4998 1436 5076 latius
1456 4995 1494 5074 se
1512 4995 1650 5104 aperit,
1678 4996 1801 5107 magis
1820 4994 2006 5090 albicans,
2027 4997 2280 5107 reliquaque

633 5112 756 5219 magis
791 5110 929 5202 clausa,
960 5108 1094 5186 viroris
1126 5104 1309 5187 nonnihil
1339 5108 1470 5201 diluti,
1501 5133 1544 5186 ac
1575 5100 1707 5185 minias
1737 5105 1958 5200 albicantia,
1987 5104 2210 5216 habentque
2237 5108 2284 5188 in

631 5223 763 5303 medio
794 5238 960 5329 quatuor
999 5219 1143 5310 tenuia,
1175 5217 1382 5299 albicantia
1417 5218 1594 5309 stamina,
1624 5245 1711 5326 quae
1738 5216 1998 5299 albicantibus
2029 5219 2069 5299 dc
2101 5218 2283 5300 rotundis

631 5330 807 5443 apicibus
827 5332 956 5411 dotata
975 5330 1079 5424 sunt,
1107 5355 1152 5409 ac
1170 5328 1313 5435 stylum
1335 5347 1493 5407 tenuem
1512 5328 1747 5408 albicantem
1767 5327 1831 5408 seu
1856 5328 2183 5424 viridi-dilutum,
2214 5330 2278 5408 bi-

630 5442 828 5523 furcatum
861 5468 910 5521 ex
942 5442 1125 5541 rotundo,
1155 5440 1269 5517 viridi
1302 5439 1480 5550 globu10,
1511 5441 1581 5549 qui
1611 5467 1660 5519 ex
1689 5440 1820 5549 calyce
1838 5440 2007 5520 rotundo
2026 5443 2207 5549 emergit,
2235 5467 2283 5521 ac

630 5551 893 5664 primordium
925 5552 1073 5634 frustis
1106 5548 1173 5643 est,
1205 5572 1484 5661 emergentem,
1515 5552 1683 5659 suntque
1718 5552 1836 5633 ctiam
1874 5550 2003 5633 odoris
2042 5550 2156 5633 fortis
2194 5576 2283 5633 non

629 5664 854 5775 injucundi.

680 5884 869 5971 Floribus
896 5886 1072 5971 deciduis
1099 5892 1231 5977 Barca
1264 5886 1439 5971 rotunde
1467 5885 1679 5999 prodeunt,
1707 5912 1794 5996 quae
1812 5881 1908 5971 clun
1923 5886 2163 5983 imotaturae,
2189 5884 2290 6083 {213⁸

746 6020 773 6083 2
1179 6081 1184 6092 ,
1827 6061 1832 6067 -
2144 6024 2196 6086 80
2290 6032 2295 6055 ·’
