6092 6950
571 822 797 920 '108
1023 865 1026 874 ·
1219 828 1845 936 HORTUS

698 1039 888 1118 anteriora
919 1039 1046 1132 versus
1072 1046 1294 1141 contradis,
1324 1074 1367 1127 ac
1396 1047 1503 1128 brevi
1533 1047 1638 1130 collo
1674 1049 1739 1130 seu
1770 1049 1954 1161 pediculo
1990 1050 2119 1134 odoris
2157 1054 2318 1151 amoeni,
2350 1055 2392 1136 in

698 1150 830 1230 medio
846 1151 1056 1234 corculum
1074 1155 1129 1234 est
1148 1154 1324 1238 constans
1352 1159 1570 1241 exduabus
1597 1160 1810 1242 staminum
1838 1163 2022 1257 seriebus,
2038 1166 2080 1244 in
2106 1167 2288 1247 exteriori
2303 1167 2396 1247 serie

700 1262 864 1342 stamina
896 1262 961 1344 sex
998 1265 1251 1365 viridi-clara,
1281 1269 1394 1382 supra
1421 1271 1495 1351 alia
1527 1273 1735 1353 emicantia
1762 1301 1808 1353 ac
1839 1270 2117 1370 viridi-diluta,
2147 1277 2189 1355 in
2209 1277 2395 1387 superiori

703 1391 811 1482 parte
830 1372 945 1483 plana
962 1402 1006 1455 ac
1021 1375 1185 1474 latiora3
1216 1382 1258 1460 in
1284 1383 1465 1463 anteriori
1482 1384 1574 1463 serie
1598 1383 1663 1464 sex
1678 1383 1840 1465 stamina
1858 1387 1990 1466 tenuia
2006 1414 2051 1467 ac
2065 1415 2179 1498 parva
2200 1388 2288 1469 sunt
2304 1415 2398 1470 cum

704 1483 861 1564 nodulis
888 1485 950 1565 seu
969 1489 1143 1596 apicibus
1169 1491 1275 1572 flavis
1295 1497 1335 1574 &c
1362 1493 1614 1577 craffiusculis
1647 1496 1690 1576 in
1717 1497 1876 1590 vertice,
1906 1515 2023 1607 atque
2047 1499 2089 1579 in
2107 1527 2151 1578 ea
2169 1499 2262 1580 serie
2276 1526 2325 1579 ex
2350 1501 2397 1579 iis

611 1650 612 1654 η
703 1595 858 1708 insuper
872 1597 944 1675 tria
957 1598 1118 1679 stamina
1138 1605 1340 1698 cumillis,
1367 1631 1454 1714 quae
1473 1607 1516 1686 iu
1533 1605 1714 1687 exteriori
1730 1608 1866 1687 ordine
1885 1609 2025 1689 similia
2042 1609 2200 1721 paribus
2215 1610 2400 1690 interval·

704 1708 755 1786 lis
784 1708 966 1802 emicant,
995 1712 1298 1820 complodentia
1329 1715 1474 1826 slylum
1499 1735 1660 1798 tenuem
1692 1744 1738 1798 ac
1757 1719 1935 1814 viridem,
1965 1721 2008 1801 in
2027 1723 2169 1802 vertice
2197 1723 2398 1832 nigrican-

567 1863 572 1870 ·
704 1837 802 1912 tem,
833 1819 966 1929 quiex
985 1823 1157 1930 capitulo
1176 1825 1500 1938 viridi-oblongo,
1531 1827 1639 1938 quod
1657 1831 1919 1940 primordium
1938 1831 2088 1914 fruitus
2121 1834 2175 1912 est
2194 1861 2238 1912 ac
2266 1835 2309 1913 in
2328 1861 2400 1943 pe-

704 1929 849 2011 diculis
869 1931 1066 2042 'superiori
1095 1953 1212 2044 parte.
1241 1941 1479 2036 continetur,
1508 1941 1727 2052 egreditur,
1758 1941 1919 2025 floribus
1952 1944 2001 2024 ad
2032 1943 2282 2056 pediculum,
2297 1943 2402 2026 adest

705 2043 820 2150 calyx
834 2045 958 2123 arctus
983 2047 1023 2125 dc
1048 2049 1224 2155 exiguus.
1297 2091 1301 2100 ⁴

761 2184 921 2265 Gemma
938 2184 1090 2267 Florum
1118 2188 1362 2271 rotundiolae.

765 2323 929 2402 Frucius
947 2323 1036 2404 sunt
1055 2324 1181 2406 baccae
1210 2326 1584 2436 oblongo-rotunda
1615 2329 1726 2411 terite
1752 2328 1882 2412 forma
1907 2329 2025 2412 instar
2037 2330 2189 2439 glandis
2238 2326 2404 2410 uercinae

706 2431 811 2512 arcte
834 2433 971 2514 inclust
1004 2437 1045 2514 in
1077 2435 1208 2546 calyce
1239 2438 1505 2550 profundiolo,
1536 2439 1724 2534 crasliolo,
1754 2442 1882 2535 viridi,
1904 2445 1974 2551 qui
2002 2443 2065 2522 sex
2098 2357 2300 2552 cuspidem
2333 2439 2401 2533 est,

710 2543 878 2652 suntque
897 2546 1095 2656 superficie
1105 2547 1231 2657 glabri
1246 2547 1420 2658 primum
1442 2550 1679 2632 viridi-fusci
1693 2553 1732 2632 bc
1745 2555 1910 2633 nitentes
1929 2581 1972 2632 ac
1985 2554 2184 2664 punctulis
2197 2551 2403 2632 albicanti-

712 2655 787 2734 bus
802 2656 1004 2767 conspersr,
1022 2661 1061 2738 δι
1074 2677 1160 2739 turn
1176 2659 1245 2739 sub
1264 2663 1409 2742 cortice
1425 2663 1496 2773 pul
1526 2689 1548 2741 a
1564 2663 1816 2760 viridi-clara,
1832 2693 1919 2773 quae
1929 2663 2213 2757 flaviusculum,
2233 2664 2402 2743 unstuo-

708 2765 798 2848 sum
828 2765 1037 2849 humorem
1054 2770 1226 2864 exsudat,
1257 2771 1462 2884 &saporis
1488 2693 1657 2855 sisbacris
1686 2776 1954 2886 adstringentis
1985 2779 2025 2858 sc
2051 2774 2241 2868 unstuosi,
2272 2774 2403 2854 conti·
2509 2767 2515 2788 '

714 2895 890 2986 nentque
917 2880 988 2960 sub
1008 2881 1130 2994 pulpa
1154 2884 1309 2962 corticis
1330 2911 1457 2965 unum
1486 2886 1673 2994 grandem
1707 2887 1895 2967 nucleum
1922 2885 2337 2998 oblongo-rotundum
2365 2885 2407 2964 te

712 2988 910 3100 glabrum,
942 2993 1012 3100 qui
1030 2993 1175 3073 cortice
1194 2996 1302 3076 tenui
1321 2993 1588 3105 cartilaginoso
1613 2998 1791 3078 obtectus
1816 2997 1872 3077 est
1896 2999 1936 3077 sc
1961 2999 2083 3108 pulpa
2103 2997 2218 3077 densa
2242 3023 2291 3077 ex
2316 2995 2408 3074 albo

611 3095 615 3102 ’
716 3101 941 3182 rubescente
968 3132 1012 3183 ac
1032 3105 1219 3186 incarnati
1238 3107 1378 3188 coloris
1398 3109 1438 3187 dc
1466 3105 1634 3188 humore
1653 3103 1855 3202 unstuoso,
1886 3111 1956 3219 qui
1975 3109 2018 3186 in
2037 3107 2236 3188 filamenta
2254 3122 2406 3218 protra-

712 3210 837 3308 hitur,
867 3213 1020 3309 suffirsa,
1041 3243 1085 3297 ac
1101 3217 1243 3329 saporis
1272 3219 1397 3328 magis
1427 3219 1526 3300 acris
1539 3220 1581 3299 ss
1600 3215 1732 3300 minias
1751 3219 1994 3328 astringentis
2022 3219 2090 3312 est,
2121 3218 2300 3311 constat,
2315 3217 2406 3297 dein

712 3351 810 3406 curn
826 3329 970 3406 maturi
989 3327 1093 3422 sunt,
1124 3330 1415 3411 coeruleo-fusci
1433 3333 1474 3410 dc
1492 3331 1676 3424 nitentes,
1707 3330 1778 3439 qui
1801 3330 1912 3412 color
1938 3331 1994 3409 ess
2020 3330 2065 3410 in
2089 3331 2200 3410 tenui
2225 3329 2409 3412 exteriori

715 3439 958 3534 membrana,
988 3439 1094 3521 intus
1112 3444 1231 3523 etiam
1250 3442 1372 3553 pulpa
1396 3443 1510 3523 viridi
1535 3441 1572 3523 sa
1644 3442 1676 3523 is
1695 3443 1896 3526 aromatici
1910 3469 1955 3525 ac
1969 3440 2160 3525 subamari
2177 3444 2219 3525 st
2245 3441 2344 3524 acris
2363 3467 2408 3523 ac

714 3550 837 3661 pulpa
850 3552 980 3631 nuclei
991 3580 1040 3634 ex
1055 3554 1173 3635 rubro
1187 3554 1462 3636 coerulescente
1475 3582 1551 3636 con
1635 3575 1706 3636 tes.

712 3694 716 3703 '
772 3686 900 3766 Floras
917 3683 1001 3801 baec
1015 3686 1129 3767 arbor
1150 3686 1267 3768 semel
1289 3687 1365 3768 sert
1383 3688 1425 3766 in
1441 3714 1545 3769 anno
1559 3686 1821 3799 in‘Januario.

776 3826 840 3904 Ex
872 3826 1016 3905 cortice
1049 3826 1185 3905 radicis
1222 3826 1348 3907 Oleum
1380 3852 1480 3906 cum·
1499 3824 1573 3904 sale
1601 3824 1765 3917 volatili,
1796 3822 2022 3937 (Iamphora
2039 3826 2159 3921 dieto,
2188 3848 2258 3935 per
2284 3817 2410 3944 dissil-
2522 3930 2527 3939 .

718 3935 907 4016 lationem
927 3932 1143 4017 extrahitur
1160 3934 1292 4044 estque
1310 3964 1410 4045 aqua
1439 3961 1532 4018 cum
1567 3964 1646 4045 qua
1662 3934 1777 4018 fimul
1806 3936 1975 4018 ascendit
2004 3936 2141 4030 levius,
2171 3931 2414 4057 consistentia

719 4047 871 4127 clarum
904 4050 944 4127 &
973 4048 1225 4159 transparens,
1255 4077 1299 4129 ac
1333 4047 1474 4129 coloris
1508 4046 1830 4142 subflavcscentis,
1875 4046 2004 4129 odoris
2035 4046 2148 4130 fortis
2186 4073 2230 4126 ac
2268 4058 2410 4153 vegetr,

721 4158 758 4239 sa
787 4160 862 4239 oris
881 4161 1046 4271 peracris
1066 4162 1105 4239 &
1131 4157 1326 4270 profunde
1345 4160 1580 4270 penetrantis
1599 4156 1776 4239 constans
1795 4186 1844 4240 ex
1859 4159 2060 4271 particulis
2081 4157 2264 4241 tenuibus
2284 4155 2324 4235 δι
2351 4150 2414 4233 fa-

721 4187 798 4350 eise
826 4272 863 4350 se
890 4270 1157 4381 diffipantibus
1177 4273 1221 4351 in'
1239 4272 1363 4351 libero
1382 4274 1421 4353 sc
1452 4288 1584 4381 aperto
1611 4278 1722 4363 a'e're3
1754 4268 1979 4381 Camphota
1996 4268 2261 4351 candidissima
2276 4265 2358 4399 ess,x
2375 4265 2416 4343 &s

719 4382 764 4461 in
792 4382 909 4463 odore
930 4379 1155 4493 Camphora
1182 4384 1387 4463 communi
1420 4382 1694 4463 excellentior:
1726 4382 1808 4489 ejus
1833 4381 2031 4493 particulae
2061 4382 2105 4461 in
2133 4380 2220 4461 oleo
2239 4400 2414 4491 pumum

720 4494 909 4574 'distillate
923 4512 1070 4587 natant,
1101 4520 1146 4573 ac
1173 4496 1254 4602 ejus
1274 4492 1448 4607 partibus
1478 4493 1703 4574 insenfiliter
1721 4494 1924 4602 permixtae
1944 4493 2046 4588 sunt,
2077 4492 2154 4573 olei
2173 4488 2415 4599 transparen·

719 4608 817 4685 tiam
837 4632 881 4685 ac
900 4606 1113 4705 claritatem
1135 4606 1299 4686 minime
1323 4604 1581 4699 obfuscantes,
1612 4604 1709 4683 dum
1728 4622 1857 4683 autem
1886 4605 2017 4685 oleum
2037 4604 2296 4715 refrigeratur,
2326 4625 2416 4711 par-

723 4716 856 4799 ticulae
894 4715 1126 4829 Camphorae
1148 4734 1320 4799 natantes
1351 4744 1394 4797 ac
1414 4718 1607 4826 sejunsiae,
1638 4744 1725 4795 una
1745 4714 1828 4795 aliis
1854 4714 1982 4797 sormi
1996 4714 2082 4796 satis
2098 4713 2265 4827 regulari
2280 4710 2315 4791 se
2330 4708 2417 4789 affi-

719 4830 842 4939 gunt,
873 4828 1148 4917 constituentes
1197 4825 1343 4910 rimirm
1362 4826 1482 4909 hastas
1503 4827 1707 4935 oblongas,
1738 4826 1883 4935 quibus
1908 4848 2034 4941 partes
2054 4828 2136 4908 alia
2154 4828 2202 4908 de
2232 4850 2335 4905 novo
2352 4848 2418 4899 ac-

729 4942 910 5021 cedentes
937 4940 1044 5043 velut
1064 4958 1146 5021 tran
1165 4940 1258 5021 verfi
1274 4968 1364 5019 acus
1384 4940 1431 5019 ad
1463 4942 1584 5020 sessos
1614 4936 1778 5047 angulos
1799 4938 1834 5019 se
1859 4939 2091 5049 adjungunt,
2123 4956 2239 5046 atque
2257 4936 2311 5016 ita
2329 4958 2418 5046 gra-

727 5055 853 5135 'vlores
873 5050 980 5133 fasta
998 5052 1185 5133 decidunt
1202 5070 1318 5161 atque
1333 5050 1379 5129 ad
1393 5049 1562 5131 fundum
1579 5048 1655 5129 olei
1679 5046 1903 5132 su‘bfidunt:
1933 5048 2067 5132 verbm
2085 5046 2152 5132 hic
2172 5064 2308 5131 notatu
2333 5046 2421 5157 dig·

731 5164 931 5246 nissrmum
950 5164 1017 5259 est,
1078 5164 1154 5243 uod
1183 5162 1279 5241 dum
1296 5161 1333 5240 se
1352 5162 1516 5273 affigunt
1535 5160 1577 5239 in
1597 5151 1694 5241 duos
1727 5162 1934 5243 vorticosus
1968 5180 2114 5255 motus,
2135 5160 2204 5271 qui
2224 5186 2292 5270 per
2311 5155 2420 5237 bori-

734 5276 1031 5386 zontaliaplana
1049 5192 1241 5367 senrntur,
1272 5272 1364 5352 cieri
1395 5300 1438 5351 ac
1497 5268 1644 5351 simum
1675 5272 1836 5381 quidem
1858 5270 2017 5369 tardibs,
2048 5273 2136 5353 dein
2156 5272 2290 5352 sensim
2314 5270 2422 5349 velo-

732 5386 832 5481 cibs,
862 5407 977 5497 atque
996 5387 1129 5465 oleum
1155 5385 1201 5465 ad
1221 5384 1327 5464 suurn
1347 5300 1586 5495 supericiem
1607 5382 1677 5464 ubi
1695 5380 1802 5496 pribs
1828 5382 2085 5496 refrigeratur,
2118 5388 2158 5467 dc
2176 5383 2222 5464 ad
2252 5380 2425 5480 fundum

735 5500 916 5613 plurimis
931 5496 1132 5609 particulis
1161 5493 1407 5606 Carnphorae,
1439 5522 1526 5607 que
1542 5497 1624 5604 ejus
1649 5495 1965 5608 transpatcntiam
1984 5499 2176 5592 adimunt,
2207 5494 2426 5585 imbutum,

734 5610 829 5693 citm
865 5614 906 5691 in
937 5609 1065 5689 medio
1098 5604 1226 5689 adbuc
1254 5609 1299 5687 sit
1325 5607 1473 5688 clarum
1504 5606 1568 5687 seu
1600 5608 1723 5718 magis
1758 5608 1866 5688 trans
1886 5635 2008 5703 arens,
2039 5608 2136 5719 quin
2161 5607 2213 5690 se
2231 5602 2431 5716 particulae

736 5720 985 5833 Camphorae,
1015 5748 1101 5830 quae
1131 5720 1169 5799 se
1201 5708 1271 5799 fibi
1301 5719 1442 5801 mutub
1476 5718 1655 5829 affigunt,
1685 5736 1811 5829 partes
1829 5636 1972 5800 ossosas
1992 5721 2167 5830 primum
2189 5719 2289 5799 intre
2306 5714 2343 5797 se
2363 5714 2429 5794 in-

733 5836 916 5933 cludunt,
946 5860 1006 5913 eas
1026 5830 1121 5912 visui
1138 5830 1408 5926 subducentes,
1439 5858 1525 5941 quae
1542 5832 1634 5912 dein
1653 5830 1856 5974 particulis
1870 5829 1954 5912 salis
1979 5832 2027 5913 ad
2052 5830 2247 5943 angustius
2262 5826 2431 6017 spatigm

1990 5956 1996 5968 '
2304 5963 2368 6020 ver
2386 5966 2430 6023 us
