6092 6950
1003 871 1967 983 Mntnannrcus
2178 813 2306 1010 ’μ

732 1155 794 1332 Ο
955 1185 1043 1322 D'
1200 1205 1268 1322 A
1429 1201 1490 1318 L
1635 1107 1721 1322 n
1892 1202 1960 1319 A
2123 1196 2225 1315 M.

773 1539 786 1546 ,
921 1441 2026 1560 assentatiuncula.
2150 1357 2158 1370 ’

1226 1693 1231 1702 .
1338 1755 1508 1836 F1o.
1571 1784 1637 1864 39.
1752 1798 1755 1805 «

774 1905 942 2000 Dalldm,
972 1903 1107 2014 lingua
1137 1907 1374 1985 Bramanum
1409 1904 1499 1998 Urd,
1530 1903 1584 1982 est
1613 1883 1728 1984 arbor
1756 1902 1960 1986 altitudine
1989 1899 2114 1983 dudm
2143 1897 2314 1982 triumve
2387 1883 2394 1894 ⁸

801 2017 1027 2109 hominum,
1059 2016 1290 2128 nascensque
1308 2017 1349 2094 in
1379 2016 1556 2097 arenofis.
1687 2044 1689 2049 ’

830 2160 954 2242 Radix
972 2157 1084 2238 fibras
1105 2154 1300 2265 capillatus
1327 2152 1513 2233 inlatum
1532 2150 1666 2232 subtus
1696 2168 1836 2250 terram
1862 2152 2061 2264 emittens,
2090 2153 2235 2234 cortice
2253 2152 2312 2231 al.

661 2270 815 2350 bicante
835 2269 1012 2350 subdulci
1031 2273 1070 2348 δε
1090 2265 1303 2346 subamaro.

719 2409 867 2492 Caudex
901 2407 1053 2500 crassus,
1086 2407 1201 2485 unius
1231 2401 1404 2482 hominis
1443 2403 1671 2512 amplexum
1703 2402 1856 2482 ambitu
1904 2402 2073 2512 implens
2108 2402 2315 2511 ramosque

661 2524 851 2602 tortuosos
888 2516 1126 2624 diffundens,
1158 2517 1267 2623 ligno
1305 2512 1532 2592 mollillimo
1576 2541 1670 2594 curn
1702 2516 1862 2593 corculo
1895 2514 2004 2592 intus
2036 2511 2140 2606 rufo,
2170 2517 2316 2620 cortice

661 2628 1104 2720 latteo-cinereo-fusm,
1136 2627 1205 2734 qui
1236 2651 1385 2703 amarus
1416 2628 1456 2704 δι
1489 2625 1652 2704 mordax
1671 2625 1726 2704 est
1736 2662 1750 2718 ς
1780 2625 1822 2702 in
1843 2625 2004 2705 surculis
2025 2626 2163 2703 teneris
2179 2643 2316 2732 cortens

661 2745 827 2824 exterior
844 2739 1125 2832 viridi-fuscus,
1156 2765 1199 2817 ac
1219 2737 1374 2845 lignum
1402 2761 1451 2814 ex
1483 2734 1692 2816 filamentis
1721 2735 1853 2816 minus
1884 2735 2082 2816 tenacibus
2109 2736 2317 2818 constansr

661 2853 865 2934 corculum
885 2854 991 2930 intus
1011 2849 1131 2929 viride
1149 2851 1189 2928 tc
1207 2843 1435 2926 humidum.

718 2998 837 3088 Folia,
869 3021 955 3102 quae
984 2990 1079 3078 hinc
1110 2992 1200 3072 inde
1228 2993 1269 3071 in
1298 2981 1417 3096 'ranis
1445 2993 1484 3070 bc
1515 2989 1678 3070 surculis
1708 2990 1862 3098 petiolis
1893 2989 2033 3084 craffis,
2064 2991 2107 3070 in
2139 2989 2315 3070 interiori

664 3127 771 3216 parte
790 3107 914 3216 planis
935 3133 978 3183 ac
992 3103 1265 3183 viridi-dilutis
1285 3103 1324 3180 bc
1344 3102 1473 3182 lastels
1493 3103 1742 3210 proveniunt,
1763 3101 2120 3211 angusto-oblonga
2148 3101 2250 3195 sunt,
2270 3127 2318 3180 ac
2343 3121 2349 3126 “

663 3217 933 3328 linguiformia
963 3215 1011 3294 ad
1045 3216 1238 3323 petiolum
1271 3212 1410 3306 stricta,
1440 3213 1632 3291 anteriora
1650 3212 1776 3292 versus
1808 3215 1957 3306 latiora,
1987 3213 2093 3293 acin
2114 3212 2319 3320 cuspidem

662 3330 819 3410 brevem
838 3329 878 3406 tc
897 3326 1112 3436 angustam,
1128 3353 1215 3432 quae
1233 3323 1360 3403 versus
1390 3323 1581 3403 adversam
1601 3342 1751 3432 partem
1772 3321 1955 3400 nonnihil
1975 3322 2195 3413 reflectitur,
2216 3349 2316 3402 con-

664 3444 805 3521 tracta:
837 3440 1003 3544 suntque
1022 3452 1175 3517 textura
1194 3433 1321 3525 craffa,
1352 3433 1485 3526 solida,
1515 3433 1647 3527 lactea,
1678 3432 1829 3525 mollia,
1859 3430 2058 3540 superficie
2078 3431 2192 3525 lenia,
2227 3432 2317 3541 gla-
2389 3482 2392 3486 -

665 3552 734 3631 bra
746 3553 786 3630 bc
806 3550 971 3629 nitentia
988 3543 1160 3625 maxime
1181 3546 1223 3623 in
1252 3561 1359 3653 parte
1378 3546 1492 3636 reeta,
1523 3543 1594 3621 ubi
1620 3546 1756 3623 viroris
1776 3543 1864 3622 sunt
1882 3542 1995 3635 fusci,
2026 3542 2159 3652 sapore
2184 3571 2318 3625 arnaro

666 3664 707 3742 dc
735 3676 948 3771 pungente.

722 3806 758 3883 E
779 3799 882 3880 costa
909 3784 1050 3890 media,
1081 3824 1167 3903 quae
1192 3794 1307 3875 craffa
1335 3752 1389 3873 elt
1418 3795 1458 3873 ds
1477 3790 1741 3873 viridi-diluta
1765 3796 1804 3873 bc
1824 3794 2010 3887 albicans,
2036 3796 2076 3877 δι
2106 3794 2149 3875 in
2168 3793 2320 3878 adversa

665 3933 819 3995 tantum
840 3909 999 4002 eminet,
1030 3907 1198 3991 Nervuli
1212 3905 1320 3984 valde
1339 3904 1497 3984 subtiles
1518 3904 1618 3983 intra
1636 3904 1778 3985 folium
1798 3909 1838 3985 &
1857 3933 1996 4013 parum
2015 3906 2057 3985 in
2077 3906 2227 3985 adversa
2245 3933 2318 3986 ex-

666 4025 888 4104 tuberantes
915 4018 1122 4099 transverso
1153 4045 1197 4096 ac
1225 4014 1411 4124 parallelo
1429 4015 1550 4095 duEtu
1583 4034 1728 4095 exeunt
1748 4018 1893 4098 Venulti
1921 4015 2174 4097 subtiliflimis
2194 4018 2318 4097 inter-

619 4184 625 4203 ·
666 4137 780 4215 texti.

724 4276 863 4366 Floras,
885 4274 954 4381 qui
975 4271 1221 4353 umbellatim
1246 4271 1481 4381 proveniunt
1510 4270 1552 4348 in
1579 4269 1734 4380 petiolis
1760 4271 1904 4380 longia,
1932 4272 2075 4368 craffis,
2104 4272 2318 4383 languidis,

668 4386 813 4478 ladeis,
834 4384 1037 4476 viridibus,
1073 4383 1143 4491 qui
1168 4382 1279 4491 supra
1312 4408 1360 4461 ex
1394 4382 1618 4481 summitate
1637 4383 1756 4462 caulis
1776 4402 2003 4492 erumpunt,
2036 4384 2124 4464 sunt
2143 4388 2322 4493 quinque

669 4495 857 4577 foliorum
890 4494 1188 4599 albiffimorum,
1218 4490 1522 4599 cuspidatorum,
1568 4520 1654 4600 quae
1683 4494 1867 4573 inferiora
1903 4496 2030 4575 versus
2065 4499 2321 4576 contradtiora

670 4608 775 4700 sunt,-
803 4634 896 4685 cum
923 4633 1002 4684 uno
1022 4607 1138 4684 latere
1167 4600 1281 4683 latiiss
1310 4604 1566 4695 excurrentia,
1588 4622 1704 4710 atque
1724 4607 1765 4682 in
1794 4623 1916 4713 parte,
1937 4606 2008 4684 ubi
2022 4603 2158 4685 'minlrs
2178 4635 2320 4686 excur-

670 4720 817 4797 runt&
837 4718 989 4797 rectiori
1010 4744 1075 4795 ora
1094 4716 1197 4808 sunt,
1228 4713 1414 4807 craffiora,
1436 4716 1475 4793 δι
1501 4715 1543 4791 in
1564 4715 1789 4823 unguiculis
1809 4717 1940 4800 colore
1958 4717 2059 4796 flavo
2084 4716 2148 4794 seu
2167 4743 2321 4819 croceo,

668 4828 911 4935 infidentque
925 4854 1019 4906 cum
1038 4826 1135 4936 pede
1153 4824 1325 4904 craffiolo
1343 4822 1457 4903 viridi
1471 4824 1597 4903 diluto
1616 4826 1753 4933 calyci,
1769 4829 1845 4933 qui
1858 4828 2035 4936 quinque
2053 4827 2159 4908 foliis
2177 4827 2322 4908 oblon-

670 4936 932 5047 go-angustis,
962 4937 1185 5045 cuspidatis,
1223 4934 1418 5029 crustulis,
1465 4932 1626 5016 interius
1664 4936 1938 5031 albicantibus,
1978 4935 2145 5019 exteriiss
2183 4939 2322 5019 viridi-

672 5050 807 5129 diluris
828 5046 1003 5142 constat3
1035 5075 1082 5126 ex
1102 5046 1233 5128 medio
1253 5046 1395 5126 florum
1414 5047 1587 5125 emicant
1607 5050 1844 5130 Stamuncula
1863 5051 2007 5145 tenuia,
2039 5050 2215 5157 quinque
2233 5079 2323 5159 quae

672 5160 869 5254 cassidis,
899 5158 1020 5253 flavis,
1051 5158 1188 5237 striatis
1208 5185 1252 5238 ac
1271 5158 1445 5237 surredtis
1465 5159 1640 5269 apicibus
1660 5162 1776 5265 juxta
1787 5162 2023 5268 unguiculos
2039 5160 2228 5241 foliorum
2248 5164 2322 5243 do·

672 5290 750 5351 tata
768 5270 876 5373 sunt,
907 5296 952 5348 ac
971 5269 1061 5378 pedi
1091 5264 1252 5348 interibs
1273 5268 1423 5362 inserta,
1455 5272 1494 5349 &
1521 5296 1615 5348 cum
1648 5272 1695 5349 iis
1715 5270 1833 5379 stylus
1854 5273 1997 5366 tenuis,
2017 5272 2129 5366 liber,
2151 5273 2324 5355 albicans

672 5408 767 5462 cum
788 5380 934 5461 nodulo
964 5380 1081 5461 craffo
1115 5406 1157 5458 ac
1188 5379 1394 5488 pyriformi
1420 5381 1462 5460 in
1482 5384 1626 5461 vertice
1648 5406 1696 5461 ex
1724 5384 1939 5493 primordio
1957 5383 2105 5463 frudtus
2134 5386 2205 5492 qui
2222 5385 2326 5466 infra

673 5494 846 5601 calycem
860 5492 927 5585 est,
941 5492 1121 5601 prodiens
1129 5528 1143 5585 3
1160 5490 1321 5569 floribus
1334 5518 1428 5571 curn
1440 5493 1515 5572 suis
1530 5491 1760 5602 pedunculis
1775 5492 1938 5603 &calyce
1949 5495 2083 5574 decisrs
2095 5495 2323 5578 succedunt.

729 5635 768 5713 F
768 5635 907 5723 rullus,
935 5634 1004 5739 qui
1034 5631 1189 5743 petiolis
1209 5631 1406 5727 craffiolis,
1436 5632 1703 5740 longiusculis,
1732 5633 1925 5741 languidis
1944 5664 1988 5714 ac
2017 5634 2155 5745 pandis
2175 5662 2325 5744 appen-

608 5754 611 5761 '
675 5742 783 5836 dent,
813 5741 1108 5849 suntque·mala
1127 5742 1286 5851 grandia
1305 5742 1668 5853 oblongo-rotunda
1682 5746 1721 5823 δι
1740 5741 1921 5823 nonnihil
1941 5747 2069 5854 plana,
2089 5748 2193 5826 acin
2214 5765 2326 5856 parte

678 5852 747 5934 ubi
766 5853 891 5964 magis
911 5852 1137 5967 coinpreffa,
1168 5856 1277 5938 tenui
1307 5856 1413 5938 sulco
1441 5854 1484 5938 in
1514 5857 1679 5965 longum
1712 5854 1853 5948 striata,
1882 5856 2053 5967 pondere
2083 5857 2193 5941 valde
2211 5858 2327 5953 levia,

2231 5966 2329 6057 ciam
