6092 6950
744 759 814 930 gt
1088 711 1867 890 ¹noricus

741 1001 1044 1117 cartilaginosos,
1074 1003 1278 1102 rotundos,
1294 1003 1525 1088 transversos
1544 1028 1588 1084 ac
1604 997 1824 1114 parallelos,
1849 994 1925 1110 qui
1949 996 2088 1084 cortici
2104 999 2397 1092 interioriatiixi

739 1124 782 1204 dt
806 1121 850 1201 in
881 1117 1012 1198 medio
1035 1121 1138 1199 rocta
1161 1118 1288 1200 fissura
1310 1117 1360 1198 ad
1383 1116 1547 1197 candem
1569 1115 1725 1196 corticis
1742 1129 1893 1225 partem
1921 1111 2068 1207 siriati3
2096 1113 2202 1198 intus
2221 1118 2264 1197 in
2292 1117 2396 1202 hisce
2509 1201 2514 1206 ,

741 1232 877 1313 cannis
902 1228 1072 1310 orbiculi
1104 1229 1361 1339 cartilaginoli
1392 1228 1515 1340 pulpa
1540 1225 1733 1320 subdulci,
1764 1239 1851 1336 quae
1879 1221 2056 1336 primirm
2087 1227 2275 1326 albicans,
2305 1231 2396 1314 dein

741 1341 958 1434 flavescens,
987 1340 1072 1452 post
1110 1341 1460 1450 rubro-nigricans,
1490 1338 1652 1419 obducti
1685 1337 1799 1429 sunt;
1844 1334 1885 1415 in
1910 1335 2033 1464 pulpd
2059 1339 2176 1420 Faba
2212 1341 2397 1424 involutae

743 1453 846 1547 sunt,
877 1479 964 1560 quae
993 1451 1121 1532 forma
1151 1451 1525 1560 oblongo-rotundae
1548 1449 1637 1528 sunt
1664 1449 1879 1556 adjacentes
1902 1447 2091 1529 orbiculis
2122 1452 2395 1560 cartilaginofis
2480 1511 2488 1522 ·

741 1591 792 1644 ex
811 1562 983 1644 inferiori
1006 1581 1115 1676 parte
1137 1566 1177 1644 sc
1202 1590 1297 1644 cum
1318 1563 1384 1642 sua
1401 1560 1650 1671 longitudine
1663 1557 1935 1670 respondentes
1958 1558 2198 1670 longitudini
2217 1562 2367 1649 fiffurae.

797 1783 915 1868 Fabae
949 1800 1102 1882 tenerae,
1133 1787 1278 1866 cortice
1313 1768 1507 1866 albidante
1545 1785 1585 1864 sc
1624 1779 1790 1864 candido
1823 1779 1926 1876 sunt,
1956 1781 2063 1864 intus
2099 1781 2225 1895 pulpa
2259 1785 2396 1870 viridi·

743 1894 935 1988 subacida,
952 1922 1041 2004 quae
1059 1924 1173 1976 carne
1192 1897 1388 2006 pellucido
1405 1898 1446 1976 δι
1466 1892 1622 1978 nervosa
1645 1893 1885 1974 circumdata
1908 1893 1975 1988 est,
2006 1896 2147 2005 saporis
2162 1895 2310 1978 nullius
2326 1899 2397 1982 nist

744 2006 948 2114 sylvestris,
972 2002 1067 2086 citm
1088 2026 1249 2132 maturas
1276 2037 1320 2089 ac
1345 2009 1452 2089 siccae
1479 2007 1583 2100 sunt,
1605 2006 1703 2086 duro
1723 2003 1977 2088 mbro-fusco
2003 2008 2148 2088 cortice
2174 2007 2367 2092 obduetae.

1286 2230 1559 2314 VIRES
1627 2231 1865 2342 EJUS.

741 2355 937 2516 Comae
963 2355 1003 2435 δι
1031 2355 1138 2438 Fohir
1156 2355 1325 2485 contrita
1347 2385 1393 2438 ac
1421 2359 1547 2485 mixta
1577 2381 1672 2436 cum
1700 2353 1787 2434 oleo
1811 2353 2039 2434 conducunt
2073 2353 2117 2432 in
2142 2358 2399 2464 petundione

828 2485 947 2577 partis
973 2463 1117 2547 affeetae
1140 2467 1319 2578 pustulis.
1379 2467 1496 2568 Eabae
1522 2494 1565 2547 tn
1594 2469 1752 2549 Derasso
1770 2464 1866 2545 datae
1884 2483 2060 2546 ventrem
2078 2463 2212 2547 laxant
2236 2495 2279 2549 ac
2300 2495 2396 2580 pur-

741 2594 836 2686 gant
860 2600 929 2688 per
950 2576 1148 2660 inferiora.
1207 2583 1352 2662 Earum
1361 2582 1503 2691 farma
1527 2579 1733 2690 usurpatur
1759 2603 1831 2687 pro
1858 2573 2141 2686 cataplasmate.

1470 2803 1638 2886 FIG.
1700 2815 1768 2886 er.

783 2930 960 3000 Exhibetur
989 2936 1041 3000 hic
1066 2935 1105 2998 ab
1130 2935 1298 3002 Autoribus
1326 2937 1435 3004 nostris
1461 2937 1554 3024 Gaffla
1586 2953 1700 3018 turam,
1729 2939 1760 3004 δι
1776 2939 1936 3012 emoritur,
1961 2949 1998 3001 ut
2017 2957 2082 3003 non
2096 2934 2186 3002 semel
2206 2935 2273 3002 suot
2288 2957 2398 3025 exper-

742 3016 855 3106 Fylula
872 3018 1117 3086 Alexandrinae.
1135 3021 1288 3087 Bouhini:
1309 3046 1468 3109 quaecum
1483 3025 1552 3087 nas·
1589 3040 1648 3088 tus.
2139 3031 2145 3038 '

742 3121 833 3168 cetur
858 3105 946 3170 variis
971 3106 1003 3169 in
1026 3105 1216 3192 regionibus,
1231 3110 1314 3172 veria
1338 3109 1410 3172 inde
1430 3110 1552 3173 sortitur
1629 3107 1743 3172 Praeter
1752 3115 1854 3173 tutem
1864 3109 1944 3172 hanc
1956 3103 2075 3194 Caffm
2083 3107 2281 3194 vulgarem&
2298 3109 2398 3195 Braſs·

741 3192 882 3254 nomina.
926 3189 965 3255 ln
978 3192 1107 3340 ΛΨ,
1126 3193 1207 3256 unde
1219 3195 1341 3277 copiose
1363 3214 1551 3277 quaquaver·
1587 3191 1724 3256 stamma
1739 3193 1849 3258 Lobelio
1866 3195 1898 3258 in
1913 3193 2319 3277 PharmacopoeiaRondeletii
2336 3198 2400 3260 res·

740 3275 808 3339 sum
821 3273 1006 3338 differuntur
1044 3277 1145 3357 ssusa,
1166 3270 1268 3363 Alpino
1284 3278 1314 3342 δι
1330 3273 1479 3343 Paludem
1492 3278 1550 3341 tes·
1588 3277 1679 3342 tituta
1704 3279 1885 3352 exhibitam,
1908 3279 1967 3342 alia
1994 3298 2119 3362 quoque
2144 3279 2245 3354 datur,
2268 3281 2285 3343 l
2308 3280 2400 3344 nullo

740 3359 837 3468 tibus3
847 3376 977 3462 vocatur
990 3359 1226 3472 Chaiematnbn,
1240 3361 1551 3463 inlBrrfiIiaTapyso·
1588 3359 1807 3464 Botanicorum
1823 3365 1969 3428 hactenus
1987 3363 2145 3462 descripte,
2168 3377 2267 3464 quam·
2277 3360 2399 3464 σώσῃ

740 3445 1554 3681 mussitassent:
1586 3448 2399 3623 struiths‘rtrrrgrr„ittirs:

742 3615 889 3681 Arabibus
902 3618 1036 3705 Gazatsa
1047 3640 1091 3695 us,
1114 3618 1362 3704 Melaiarerfibus
1380 3625 1470 3710 juxta
1487 3623 1553 3684 Au·
1587 3620 1669 3683 ribus
1686 3642 1749 3683 non
1772 3620 1924 3685 dissimiles
1941 3619 2068 3703 profert,
2091 3620 2204 3701 quibus
2220 3621 2400 3686 continetur

742 3715 826 3763 tores
856 3698 974 3767 nostros
992 3698 1101 3779 Coum,
1125 3704 1155 3768 δε
1178 3726 1219 3768 ex
1251 3705 1356 3787 Acesta
1378 3706 1552 3771 testimonio
1588 3702 1682 3787 Puspa
1701 3702 1834 3788 ejusdem
1864 3704 1958 3767 ferme
1987 3722 2059 3767 cum
2082 3704 2201 3789 vulgari
2232 3704 2398 3788 saporis&

742 3783 883 3865 candaca,
907 3787 1062 3851 Bremenis
1090 3788 1177 3870 Bojo,
1200 3791 1248 3853 vel
1283 3806 1317 3853 ut
1351 3794 1404 3855 alii
1430 3792 1552 3867 volunt,
1587 3790 1742 3863 efficaciis,
1764 3788 1826 3871 ipsa
1850 3788 1940 3853 arbor
1961 3787 2069 3851 Redite
2093 3788 2202 3853 nititur
2215 3788 2320 3869 crassa,
2345 3810 2400 3854 ro-

742 3868 857 3950 Batou,
877 3871 908 3937 δι
931 3870 1031 3946 Bova,
1055 3874 1088 3934 in
1107 3873 1208 3937 Zeilan
1231 3875 1282 3937 ubi
1298 3874 1555 3959 copiositcrescit‚
1587 3874 1696 3951 tundat,
1719 3894 1789 3957 quae
1814 3874 1847 3937 in
1872 3874 2002 3957 plurima
2026 3870 2183 3937 filamenta
2203 3878 2318 3939 cortine
2347 3878 2398 3939 ni-

745 3956 766 4020 al
794 3954 998 4039 Cingalerfibus
1025 3975 1154 4021 vocatur
1185 3958 1307 4025 AEhaela.
1352 3958 1446 4023 Circa
1471 3959 1553 4022 floris
1589 3960 1725 4043 gricante
1754 3956 1886 4023 obdusla
1911 3956 2039 4022 desinit:
2072 3958 2188 4022 Caudex
2211 3962 2326 4024 cinerei
2355 3960 2399 4026 cst

743 4040 976 4124 descriptionem
1001 4042 1145 4106 nonnihil
1171 4047 1290 4109 variant
1314 4049 1458 4121 Antores,
1480 4046 1553 4106 dum
1589 4042 1712 4117 coloris,
1726 4043 1838 4119 scaber,
1850 4040 2086 4127 stsbstantiaeque
2101 4042 2289 4122 medullosa,
2304 4065 2399 4130 quem

743 4126 797 4195 alii
814 4127 1000 4201 incarnatos,
1024 4130 1076 4191 alii
1104 4150 1224 4205 aureos,
1247 4132 1300 4196 alii
1324 4134 1418 4195 slavos
1441 4130 1551 4192 descri-
1591 4128 1710 4193 Romuli
1723 4126 1895 4193 inordinate
1909 4130 2063 4207 ambiunt,
2080 4129 2166 4191 ‘soliis
2180 4128 2278 4193 vestiti
2292 4132 2400 4195 subro-

743 4211 836 4289 bunt,
859 4212 936 4277 ut&
952 4212 996 4276 illi
1011 4214 1093 4287 sunt,
1113 4238 1193 4299 quos
1215 4217 1274 4279 hoc
1296 4238 1379 4279 anno
1397 4238 1436 4279 ex
1453 4215 1554 4277 Zeilan
1592 4212 1708 4289 tundis,
1731 4236 1770 4275 ex
1785 4214 1897 4299 glauco
1914 4213 2071 4286 viridibus,
2086 4213 2320 4299 brevissimisque
2345 4236 2400 4299 pe-

743 4298 862 4379 accepi,
894 4298 1135 4381 perreptantibus
1167 4301 1305 4382 pluribus
1337 4301 1441 4366 venuli
1479 4320 1551 4383 put·
1589 4296 1697 4360 diculis
1725 4296 1866 4364 donatis:
1891 4298 1986 4363 Floret
2021 4298 2123 4361 videre
2150 4320 2213 4362 non
2243 4302 2395 4383 contigit:

743 4383 859 4464 puteis.
1590 4382 1684 4445 Semen
1699 4383 1780 4466 quod
1795 4384 1898 4467 pulpae
1912 4382 2090 4461 involvitur,
2107 4382 2327 4449 firbtotundum
2343 4384 2400 4469 est,

789 4464 881 4530 Hisce
896 4467 928 4529 in
944 4467 1134 4551 regionibus,
1147 4468 1247 4531 semcn
1263 4484 1351 4533 terrae
1362 4470 1553 4543 mandatum,
1590 4466 1804 4548 compressum,
1826 4470 1856 4533 δι
1874 4470 2041 4555 nigricans,
2067 4465 2120 4550 pist
2136 4470 2262 4532 minoris
2278 4472 2399 4554 magni-

705 4620 713 4632 ,
744 4550 782 4614 ad
809 4552 945 4630 pedalem
968 4554 1155 4636 quandoque
1174 4556 1321 4619 excrescit
1346 4556 1553 4631 altitudinem,
1590 4554 1708 4627 tudine,
1731 4574 1770 4615 ex
1794 4553 1932 4617 maim
1951 4552 2064 4631 Ioulis,
2084 4575 2162 4637 quas
2177 4550 2265 4619 Galli
2283 4554 2320 4619 les
2335 4554 2400 4618 An·

747 4634 856 4701 vettitn
879 4637 1044 4724 ingruente
1069 4638 1191 4721 hyeme,
1214 4662 1339 4704 omnem
1355 4641 1468 4724 respuit
1487 4640 1553 4704 cul·
1589 4636 1797 4714 tillesvocant,
1813 4640 1951 4705 allatum.

711 4932 716 4941 ¹
818 4954 1078 5025 elsarn
1135 4959 1303 5027 FIST
1326 4962 1360 5029 U
1383 4960 1411 5025 L
1436 4964 1475 5028 Α.
1586 4962 1712 5047 glabris,
1736 4960 1855 5047 petiolis
1881 4963 2094 5049 eglandulatis·
2138 4968 2265 5056 Rumpit.
2282 4969 2353 5036 amb.
2367 4994 2400 5041 2.

1018 5078 1282 5145 cs'assts
1389 5114 1394 5121 ·
1592 5065 1692 5115 ‘¹²¹'
1820 5130 1841 5195 3

1835 5156 1968 5219 ynomma
1986 5136 2146 5203 authorum.

745 5206 771 5257 D
794 5210 814 5259 Β
837 5214 855 5258 c
878 5212 903 5258 Α
925 5212 950 5257 tt
972 5213 996 5259 Β
1019 5213 1043 5259 ¹²
1067 5216 1081 5261 ¹
1106 5216 1131 5261 A
1175 5214 1205 5259 Μ
1231 5219 1253 5262 ⁰
1273 5216 1296 5261 Ν
1315 5219 1337 5264 ⁰
1354 5216 1377 5261 ⁰
1398 5220 1421 5265 tt
1444 5222 1467 5266 Ν
1485 5222 1497 5267 ¹
1515 5222 1552 5266 A.
1633 5236 1734 5303 Callia
1756 5239 1839 5303 soliis
1866 5242 2196 5330 quinquejugisovatis
2212 5254 2400 5318 'acuminltis

1591 5321 1716 5471 ffiabris,
1740 5325 1859 5406 petiolis
1872 5328 2085 5430 eglandulatis.
2118 5328 2142 5392 F
2144 5335 2165 5395 l.
2179 5337 2261 5423 zeyl.
2279 5356 2339 5423 149
2353 5340 2386 5405 ³.

1636 5424 1674 5470 at.
1694 5411 1772 5473 med.
1797 5431 1866 5495 ¹99·
1891 5410 2024 5497 Hnlselq.
2039 5437 2085 5482 tn.
2100 5416 2174 5492 468.

960 5362 1118 5427 Choralier
1139 5368 1294 5449 generiem.

788 5458 862 5525 cn.
888 5458 1067 5563 sobrius,
1120 5466 1222 5530 Ρετιῑει
1248 5488 1278 5550 s·
1334 5467 1483 5535 Antherae
1504 5472 1553 5535 n-
1633 5490 1734 5557 cana
1755 5496 1868 5561 somus
1897 5500 2032 5583 qunque
2057 5502 2174 5583 parrum
2198 5504 2400 5577 lanceolam:

747 5545 1034 5672 Pimsissffllssi
1058 5548 1553 5643 ¹¹¹fim²3¹⁰st¹²¹²·1⁴⁶g¹¹¹¹¹‘ss·
1592 5580 1714 5641 extimis
1731 5584 1911 5648 minoribus.
1953 5578 2047 5649 l'lort.
2062 5582 2227 5675 cllffi'158·
2323 5632 2328 5647 .

1009 5718 1049 5785 N
1200 5722 1206 5737 ⁸
1631 5664 1733 5731 Cassia
1754 5666 1853 5731 fistula
1867 5669 2074 5737 alexandrina.
2119 5670 2220 5740 Barth.
2237 5676 2401 5763 ·pin.405.

1043 5744 1118 5839 omen
1130 5722 1297 5842 [perficam.
1594 5748 1719 5813 Cemm.
1734 5754 1813 5817 hort.
1836 5775 1861 5819 1·
1877 5776 1908 5839 p.
1926 5774 1999 5841 2¹5·
2016 5772 2038 5822 t.
2065 5777 2139 5824 tro.
2166 5758 2301 5845 Rumph.
2319 5766 2400 5829 amb.

795 5818 895 5886 Cnssit
926 5822 981 5888 sol.
1008 5828 1224 5915 qumquejugis
1248 5830 1346 5895 oratis
1377 5833 1560 5921 acuminatis
1596 5852 1624 5901 2.
1640 5837 1777 5923 p.83.t.
1799 5858 1851 5907 21.

1998 5962 2000 5969 ’
2062 5931 2164 6013 BA
2188 5934 2227 6015 L
2246 5937 2292 6017 A
2316 5936 2374 6017 M
2382 5982 2403 6002 ·
